@ARTICLE{gogarten2009,
   author = {{Gogarten}, S.~M. and {Dalcanton}, J.~J. and {Murphy}, J.~W. and 
	{Williams}, B.~F. and {Gilbert}, K. and {Dolphin}, A.},
    title = "{The NGC 300 Transient: An Alternative Method for Measuring Progenitor Masses}",
  journal = {\apj},
archivePrefix = "arXiv",
   eprint = {0907.0710},
 primaryClass = "astro-ph.SR",
 keywords = {galaxies: individual: NGC 300, galaxies: stellar content, stars: evolution},
     year = 2009,
    month = sep,
   volume = 703,
    pages = {300-310},
      doi = {10.1088/0004-637X/703/1/300},
   adsurl = {http://adsabs.harvard.edu/abs/2009ApJ...703..300G},
  adsnote = {Provided by the SAO/NASA Astrophysics Data System}
}


@ARTICLE{maoz2008,
   author = {{Maoz}, D.},
    title = "{On the fraction of intermediate-mass close binaries that explode as Type Ia supernovae}",
  journal = {\mnras},
archivePrefix = "arXiv",
   eprint = {0707.4598},
 keywords = {binaries: close , supernovae: general , white dwarfs},
     year = 2008,
    month = feb,
   volume = 384,
    pages = {267-277},
      doi = {10.1111/j.1365-2966.2007.12697.x},
   adsurl = {http://adsabs.harvard.edu/abs/2008MNRAS.384..267M},
  adsnote = {Provided by the SAO/NASA Astrophysics Data System}
}


@ARTICLE{smartt2009,
   author = {{Smartt}, S.~J. and {Eldridge}, J.~J. and {Crockett}, R.~M. and 
	{Maund}, J.~R.},
    title = "{The death of massive stars - I. Observational constraints on the progenitors of Type II-P supernovae}",
  journal = {\mnras},
archivePrefix = "arXiv",
   eprint = {0809.0403},
 keywords = {stars: evolution , supergiants , supernovae: general , galaxies: stellar content},
     year = 2009,
    month = may,
   volume = 395,
    pages = {1409-1437},
      doi = {10.1111/j.1365-2966.2009.14506.x},
   adsurl = {http://adsabs.harvard.edu/abs/2009MNRAS.395.1409S},
  adsnote = {Provided by the SAO/NASA Astrophysics Data System}
}

@ARTICLE{smartt2009b,
   author = {{Smartt}, S.~J.},
    title = "{Progenitors of Core-Collapse Supernovae}",
  journal = {\araa},
archivePrefix = "arXiv",
   eprint = {0908.0700},
 primaryClass = "astro-ph.SR",
     year = 2009,
    month = sep,
   volume = 47,
    pages = {63-106},
      doi = {10.1146/annurev-astro-082708-101737},
   adsurl = {http://adsabs.harvard.edu/abs/2009ARA%26A..47...63S},
  adsnote = {Provided by the SAO/NASA Astrophysics Data System}
}


@ARTICLE{badenes2009,
   author = {{Badenes}, C. and {Harris}, J. and {Zaritsky}, D. and {Prieto}, J.~L.
	},
    title = "{The Stellar Ancestry of Supernovae in the Magellanic Clouds. I. The Most Recent Supernovae in the Large Magellanic Cloud}",
  journal = {\apj},
archivePrefix = "arXiv",
   eprint = {0902.2787},
 primaryClass = "astro-ph.SR",
 keywords = {galaxies: individual: Large Magellanic Cloud, galaxies: stellar content, supernova remnants, supernovae: general},
     year = 2009,
    month = jul,
   volume = 700,
    pages = {727-740},
      doi = {10.1088/0004-637X/700/1/727},
   adsurl = {http://adsabs.harvard.edu/abs/2009ApJ...700..727B},
  adsnote = {Provided by the SAO/NASA Astrophysics Data System}
}


@ARTICLE{bastian2006,
   author = {{Bastian}, N. and {Goodwin}, S.~P.},
    title = "{Evidence for the strong effect of gas removal on the internal dynamics of young stellar clusters}",
  journal = {\mnras},
   eprint = {arXiv:astro-ph/0602465},
 keywords = {stellar dynamics: methods: N-body simulations: galaxies: star clusters, stellar dynamics, methods: N-body simulations, galaxies: star clusters},
     year = 2006,
    month = jun,
   volume = 369,
    pages = {L9-L13},
      doi = {10.1111/j.1745-3933.2006.00162.x},
   adsurl = {http://adsabs.harvard.edu/abs/2006MNRAS.369L...9B},
  adsnote = {Provided by the SAO/NASA Astrophysics Data System}
}


@ARTICLE{lada2003,
   author = {{Lada}, C.~J. and {Lada}, E.~A.},
    title = "{Embedded Clusters in Molecular Clouds}",
  journal = {\araa},
   eprint = {arXiv:astro-ph/0301540},
     year = 2003,
   volume = 41,
    pages = {57-115},
      doi = {10.1146/annurev.astro.41.011802.094844},
   adsurl = {http://adsabs.harvard.edu/abs/2003ARA%26A..41...57L},
  adsnote = {Provided by the SAO/NASA Astrophysics Data System}
}

@ARTICLE{massey2003,
   author = {{Massey}, P.},
    title = "{MASSIVE STARS IN THE LOCAL GROUP: Implications for Stellar Evolution and Star Formation}",
  journal = {\araa},
     year = 2003,
   volume = 41,
    pages = {15-56},
      doi = {10.1146/annurev.astro.41.071601.170033},
   adsurl = {http://adsabs.harvard.edu/abs/2003ARA%26A..41...15M},
  adsnote = {Provided by the SAO/NASA Astrophysics Data System}
}


@ARTICLE{woosley2002,
   author = {{Woosley}, S.~E. and {Heger}, A. and {Weaver}, T.~A.},
    title = "{The evolution and explosion of massive stars}",
  journal = {Reviews of Modern Physics},
 keywords = {Nucleosynthesis in novae, supernovae, and other explosive environments, Supernovae, Hydrostatic stellar nucleosynthesis, Elementary particle processes, Stellar structure, interiors, evolution, nucleosynthesis, ages, Neutron stars, Relativity and gravitation},
     year = 2002,
    month = nov,
   volume = 74,
    pages = {1015-1071},
      doi = {10.1103/RevModPhys.74.1015},
   adsurl = {http://adsabs.harvard.edu/abs/2002RvMP...74.1015W},
  adsnote = {Provided by the SAO/NASA Astrophysics Data System}
}


@ARTICLE{marigo2008,
   author = {{Marigo}, P. and {Girardi}, L. and {Bressan}, A. and {Groenewegen}, M.~A.~T. and 
	{Silva}, L. and {Granato}, G.~L.},
    title = "{Evolution of asymptotic giant branch stars. II. Optical to far-infrared isochrones with improved TP-AGB models}",
  journal = {\aap},
archivePrefix = "arXiv",
   eprint = {0711.4922},
 keywords = {astronomical data bases: miscellaneous, stars: AGB and post-AGB, stars: carbon, stars: evolution, galaxies: Magellanic Clouds, stars: Hertzsprung-Russell (HR) and C-M diagrams},
     year = 2008,
    month = may,
   volume = 482,
    pages = {883-905},
      doi = {10.1051/0004-6361:20078467},
   adsurl = {http://adsabs.harvard.edu/abs/2008A%26A...482..883M},
  adsnote = {Provided by the SAO/NASA Astrophysics Data System}
}

@ARTICLE{white1987,
   author = {{White}, G.~L. and {Malin}, D.~F.},
    title = "{Possible binary star progenitor for SN1987A}",
  journal = {\nat},
 keywords = {ASTROMETRY, BINARY STARS, MAGELLANIC CLOUDS, NEBULAE, STELLAR EVOLUTION, SUPERNOVA 1987A, COMPANION STARS, FAINT OBJECTS, IUE},
     year = 1987,
    month = may,
   volume = 327,
    pages = {36-38},
      doi = {10.1038/327036a0},
   adsurl = {http://adsabs.harvard.edu/abs/1987Natur.327...36W},
  adsnote = {Provided by the SAO/NASA Astrophysics Data System}
}

@ARTICLE{aldering1994,
   author = {{Aldering}, G. and {Humphreys}, R.~M. and {Richmond}, M.},
    title = "{SN 1993J: The optical properties of its progenitor}",
  journal = {\aj},
 keywords = {B STARS, BINARY STARS, BLUE STARS, MAGELLANIC CLOUDS, O STARS, OPTICAL PROPERTIES, SPECTRAL ENERGY DISTRIBUTION, STELLAR EVOLUTION, STELLAR MODELS, STELLAR SPECTRA, SUPERGIANT STARS, SUPERNOVAE, UBV SPECTRA, ASTRONOMICAL PHOTOGRAPHY, ASTRONOMICAL PHOTOMETRY, CHARGE COUPLED DEVICES, HERTZSPRUNG-RUSSELL DIAGRAM, LIGHT CURVE, STELLAR MASS},
     year = 1994,
    month = feb,
   volume = 107,
    pages = {662-672},
      doi = {10.1086/116886},
   adsurl = {http://adsabs.harvard.edu/abs/1994AJ....107..662A},
  adsnote = {Provided by the SAO/NASA Astrophysics Data System}
}


@ARTICLE{barth1996,
   author = {{Barth}, A.~J. and {van Dyk}, S.~D. and {Filippenko}, A.~V. and 
	{Leibundgut}, B. and {Richmond}, M.~W.},
    title = "{The Environments of Supernovae in Archival Hubble Space Telescope Images}",
  journal = {\aj},
 keywords = {SUPERNOVAE: GENERAL},
     year = 1996,
    month = may,
   volume = 111,
    pages = {2047-+},
      doi = {10.1086/117940},
   adsurl = {http://adsabs.harvard.edu/abs/1996AJ....111.2047B},
  adsnote = {Provided by the SAO/NASA Astrophysics Data System}
}


@ARTICLE{vanDyk1999,
   author = {{Van Dyk}, S.~D. and {Peng}, C.~Y. and {Barth}, A.~J. and {Filippenko}, A.~V.
	},
    title = "{The Environments of Supernovae in Post-Refurbishment Hubble Space Telescope Images}",
  journal = {\aj},
   eprint = {arXiv:astro-ph/9907252},
 keywords = {STARS: COLOR-MAGNITUDE DIAGRAMS, GALAXIES: GENERAL, GALAXIES: STAR CLUSTERS, GALAXIES: STELLAR CONTENT, STARS: SUPERNOVAE: GENERAL},
     year = 1999,
    month = nov,
   volume = 118,
    pages = {2331-2349},
      doi = {10.1086/301068},
   adsurl = {http://adsabs.harvard.edu/abs/1999AJ....118.2331V},
  adsnote = {Provided by the SAO/NASA Astrophysics Data System}
}


@ARTICLE{vanDyk2002,
   author = {{Van Dyk}, S.~D. and {Garnavich}, P.~M. and {Filippenko}, A.~V. and 
	{H{\"o}flich}, P. and {Kirshner}, R.~P. and {Kurucz}, R.~L. and 
	{Challis}, P.},
    title = "{The Progenitor of Supernova 1993J Revisited}",
  journal = {\pasp},
   eprint = {arXiv:astro-ph/0208382},
 keywords = {Galaxies: Individual: Messier Number: M81, Galaxies: Individual: NGC Number: NGC 3031, Stars: Evolution, Stars: Supernovae: General, Stars: Supernovae: Individual: Alphanumeric: SN 1993J},
     year = 2002,
    month = dec,
   volume = 114,
    pages = {1322-1332},
      doi = {10.1086/344382},
   adsurl = {http://adsabs.harvard.edu/abs/2002PASP..114.1322V},
  adsnote = {Provided by the SAO/NASA Astrophysics Data System}
}

@ARTICLE{vanDyk2003,
   author = {{Van Dyk}, S.~D. and {Li}, W. and {Filippenko}, A.~V.},
    title = "{On the Progenitor of the Type II-Plateau Supernova 2003gd in M74}",
  journal = {\pasp},
   eprint = {arXiv:astro-ph/0307226},
 keywords = {Stars: Supernovae: General, supernovae: individual (SN 2003gd), supernovae: individual (1999em), Stars: Evolution, Stars: Variables: Other, galaxies: individual (M74), Galaxies: Individual: NGC Number: NGC 628},
     year = 2003,
    month = nov,
   volume = 115,
    pages = {1289-1295},
      doi = {10.1086/378308},
   adsurl = {http://adsabs.harvard.edu/abs/2003PASP..115.1289V},
  adsnote = {Provided by the SAO/NASA Astrophysics Data System}
}


@ARTICLE{smartt2004,
   author = {{Smartt}, S.~J. and {Maund}, J.~R. and {Hendry}, M.~A. and {Tout}, C.~A. and 
	{Gilmore}, G.~F. and {Mattila}, S. and {Benn}, C.~R.},
    title = "{Detection of a Red Supergiant Progenitor Star of a Type II-Plateau Supernova}",
  journal = {Science},
   eprint = {arXiv:astro-ph/0401235},
     year = 2004,
    month = jan,
   volume = 303,
    pages = {499-503},
      doi = {10.1126/science.1092967},
   adsurl = {http://adsabs.harvard.edu/abs/2004Sci...303..499S},
  adsnote = {Provided by the SAO/NASA Astrophysics Data System}
}


@ARTICLE{maund2005,
   author = {{Maund}, J.~R. and {Smartt}, S.~J. and {Danziger}, I.~J.},
    title = "{The progenitor of SN 2005cs in the Whirlpool Galaxy}",
  journal = {\mnras},
   eprint = {arXiv:astro-ph/0507502},
 keywords = {stars: evolution, supernovae: general, supernovae: individual: SN 2005cs, galaxies: individual: M51},
     year = 2005,
    month = nov,
   volume = 364,
    pages = {L33-L37},
      doi = {10.1111/j.1745-3933.2005.00100.x},
   adsurl = {http://adsabs.harvard.edu/abs/2005MNRAS.364L..33M},
  adsnote = {Provided by the SAO/NASA Astrophysics Data System}
}

@ARTICLE{hendry2006,
   author = {{Hendry}, M.~A. and {Smartt}, S.~J. and {Crockett}, R.~M. and 
	{Maund}, J.~R. and {Gal-Yam}, A. and {Moon}, {D.-S.} and {Cenko}, S.~B. and 
	{Fox}, D.~W. and {Kudritzki}, R.~P. and {Benn}, C.~R. and {{\O}stensen}, R.
	},
    title = "{SN 2004A: another Type II-P supernova with a red supergiant progenitor}",
  journal = {\mnras},
   eprint = {arXiv:astro-ph/0603670},
 keywords = {stars: evolution , supernovae: general , supernovae: individual: SN 2004A , galaxies: distances and redshifts , galaxies: individual: NGC 6207},
     year = 2006,
    month = jul,
   volume = 369,
    pages = {1303-1320},
      doi = {10.1111/j.1365-2966.2006.10374.x},
   adsurl = {http://adsabs.harvard.edu/abs/2006MNRAS.369.1303H},
  adsnote = {Provided by the SAO/NASA Astrophysics Data System}
}


@ARTICLE{li2005,
   author = {{Li}, W. and {Van Dyk}, S.~D. and {Filippenko}, A.~V. and {Cuillandre}, {J.-C.}
	},
    title = "{On the Progenitor of the Type II Supernova 2004et in NGC 6946}",
  journal = {\pasp},
   eprint = {arXiv:astro-ph/0412487},
 keywords = {Stars: Supernovae: General, supernovae: individual (SN 2004et), Stars: Evolution, Galaxies: Individual: NGC Number: NGC 6946},
     year = 2005,
    month = feb,
   volume = 117,
    pages = {121-131},
      doi = {10.1086/428278},
   adsurl = {http://adsabs.harvard.edu/abs/2005PASP..117..121L},
  adsnote = {Provided by the SAO/NASA Astrophysics Data System}
}

@ARTICLE{li2006,
   author = {{Li}, W. and {Van Dyk}, S.~D. and {Filippenko}, A.~V. and {Cuillandre}, {J.-C.} and 
	{Jha}, S. and {Bloom}, J.~S. and {Riess}, A.~G. and {Livio}, M.
	},
    title = "{Identification of the Red Supergiant Progenitor of Supernova 2005cs: Do the Progenitors of Type II-P Supernovae Have Low Mass?}",
  journal = {\apj},
   eprint = {arXiv:astro-ph/0507394},
 keywords = {Galaxies: Individual: Messier Number: M51, Stars: Evolution, Stars: Supernovae: General, supernovae: individual (SN 2005cs)},
     year = 2006,
    month = apr,
   volume = 641,
    pages = {1060-1070},
      doi = {10.1086/499916},
   adsurl = {http://adsabs.harvard.edu/abs/2006ApJ...641.1060L},
  adsnote = {Provided by the SAO/NASA Astrophysics Data System}
}



@ARTICLE{li2007,
   author = {{Li}, W. and {Wang}, X. and {Van Dyk}, S.~D. and {Cuillandre}, {J.-C.} and 
	{Foley}, R.~J. and {Filippenko}, A.~V.},
    title = "{On the Progenitors of Two Type II-P Supernovae in the Virgo Cluster}",
  journal = {\apj},
   eprint = {arXiv:astro-ph/0701049},
 keywords = {Stars: Supernovae: General, supernovae: individual (SN 2006my), supernovae: individual (SN 2006ov), Stars: Evolution},
     year = 2007,
    month = jun,
   volume = 661,
    pages = {1013-1024},
      doi = {10.1086/516747},
   adsurl = {http://adsabs.harvard.edu/abs/2007ApJ...661.1013L},
  adsnote = {Provided by the SAO/NASA Astrophysics Data System}
}


@ARTICLE{crockett2008,
   author = {{Crockett}, R.~M. and {Eldridge}, J.~J. and {Smartt}, S.~J. and 
	{Pastorello}, A. and {Gal-Yam}, A. and {Fox}, D.~B. and {Leonard}, D.~C. and 
	{Kasliwal}, M.~M. and {Mattila}, S. and {Maund}, J.~R. and {Stephens}, A.~W. and 
	{Danziger}, I.~J.},
    title = "{The type IIb SN 2008ax: the nature of the progenitor}",
  journal = {\mnras},
archivePrefix = "arXiv",
   eprint = {0805.1913},
 keywords = {supernovae: individual: SN 2008ax, galaxies: individual: NGC 4490},
     year = 2008,
    month = nov,
   volume = 391,
    pages = {L5-L9},
      doi = {10.1111/j.1745-3933.2008.00540.x},
   adsurl = {http://adsabs.harvard.edu/abs/2008MNRAS.391L...5C},
  adsnote = {Provided by the SAO/NASA Astrophysics Data System}
}


@ARTICLE{bellazzini2003,
   author = {{Bellazzini}, M. and {Cacciari}, C. and {Federici}, L. and {Fusi Pecci}, F. and 
	{Rich}, M.},
    title = "{The Andromeda project. I. Deep HST-WFPC2 V, I photometry of 16 fields toward the disk and the halo of the M 31 galaxy.  Probing the stellar content and metallicity distribution}",
  journal = {\aap},
   eprint = {arXiv:astro-ph/0212531},
 keywords = {galaxies: individual: M 31, galaxies: stellar content, galaxies: structure, stars: abundances, stars: Hertzprung-Russell (HR) and C-M diagrams, techniques: photometric},
     year = 2003,
    month = jul,
   volume = 405,
    pages = {867-901},
      doi = {10.1051/0004-6361:20030455},
   adsurl = {http://adsabs.harvard.edu/abs/2003A%26A...405..867B},
  adsnote = {Provided by the SAO/NASA Astrophysics Data System}
}


@ARTICLE{tabatabaei2010,
   author = {{Tabatabaei}, F.~S. and {Berkhuijsen}, E.~M.},
    title = "{Relating dust, gas, and the rate of star formation in M 31}",
  journal = {\aap},
 keywords = {galaxies: individual: M 31, galaxies: ISM, dust, extinction, ISM: general, stars: formation},
     year = 2010,
    month = jul,
   volume = 517,
    pages = {A77+},
      doi = {10.1051/0004-6361/200913593},
   adsurl = {http://adsabs.harvard.edu/abs/2010A%26A...517A..77T},
  adsnote = {Provided by the SAO/NASA Astrophysics Data System}
}



@ARTICLE{esteban2009,
   author = {{Esteban}, C. and {Bresolin}, F. and {Peimbert}, M. and {Garc{\'{\i}}a-Rojas}, J. and 
	{Peimbert}, A. and {Mesa-Delgado}, A.},
    title = "{Keck HIRES Spectroscopy of Extragalactic H II Regions: C and O Abundances from Recombination Lines}",
  journal = {\apj},
archivePrefix = "arXiv",
   eprint = {0905.2532},
 primaryClass = "astro-ph.CO",
 keywords = {galaxies: abundances, galaxies: individual: M31 M33 M83 M101 NGC 1741 NGC 2366 NGC 2403 NGC 4395 NGC 4861, galaxies: ISM, galaxies: spiral, H II regions},
     year = 2009,
    month = jul,
   volume = 700,
    pages = {654-678},
      doi = {10.1088/0004-637X/700/1/654},
   adsurl = {http://adsabs.harvard.edu/abs/2009ApJ...700..654E},
  adsnote = {Provided by the SAO/NASA Astrophysics Data System}
}


@ARTICLE{kudritzki2008,
   author = {{Kudritzki}, R.-P. and {Urbaneja}, M.~A. and {Bresolin}, F. and 
	{Przybilla}, N. and {Gieren}, W. and {Pietrzy{\'n}ski}, G.},
    title = "{Quantitative Spectroscopy of 24 A Supergiants in the Sculptor Galaxy NGC 300: Flux-weighted Gravity-Luminosity Relationship, Metallicity, and Metallicity Gradient}",
  journal = {\apj},
archivePrefix = "arXiv",
   eprint = {0803.3654},
 keywords = {Galaxies: Distances and Redshifts, Galaxies: Individual: NGC Number: NGC 300, Stars: Abundances, Stars: Early-Type, Stars: Supergiants},
     year = 2008,
    month = jul,
   volume = 681,
    pages = {269-289},
      doi = {10.1086/588647},
   adsurl = {http://adsabs.harvard.edu/abs/2008ApJ...681..269K},
  adsnote = {Provided by the SAO/NASA Astrophysics Data System}
}


@ARTICLE{kudritzki2003,
   author = {{Kudritzki}, R.~P. and {Bresolin}, F. and {Przybilla}, N.},
    title = "{A New Extragalactic Distance Determination Method Using the Flux-weighted Gravity of Late B and Early A Supergiants}",
  journal = {\apjl},
   eprint = {arXiv:astro-ph/0212042},
 keywords = {Galaxies: Distances and Redshifts, Galaxies: Stellar Content, Stars: Early-Type},
     year = 2003,
    month = jan,
   volume = 582,
    pages = {L83-L86},
      doi = {10.1086/367690},
   adsurl = {http://adsabs.harvard.edu/abs/2003ApJ...582L..83K},
  adsnote = {Provided by the SAO/NASA Astrophysics Data System}
}


@ARTICLE{efremov1991,
   author = {{Efremov}, Y.~N.},
    title = "{The Large Magellanic Cloud Star Cluster Containing Supernova 1987A}",
  journal = {Soviet Astronomy Letters},
     year = 1991,
    month = may,
   volume = 17,
    pages = {173-+},
   adsurl = {http://adsabs.harvard.edu/abs/1991SvAL...17..173E},
  adsnote = {Provided by the SAO/NASA Astrophysics Data System}
}


@ARTICLE{walborn1993,
   author = {{Walborn}, N.~R. and {Phillips}, M.~M. and {Walker}, A.~R. and 
	{Elias}, J.~H.},
    title = "{Spectroscopy and photometry of companion stars 2 and 3 to supernova 1987A}",
  journal = {\pasp},
 keywords = {ASTRONOMICAL PHOTOMETRY, ASTRONOMICAL SPECTROSCOPY, B STARS, COMPANION STARS, SUPERNOVA 1987A, INFRARED SPECTRA, SPECTRUM ANALYSIS, STELLAR MAGNITUDE, ULTRAVIOLET SPECTRA, VISIBLE SPECTRUM},
     year = 1993,
    month = nov,
   volume = 105,
    pages = {1240-1249},
      doi = {10.1086/133302},
   adsurl = {http://adsabs.harvard.edu/abs/1993PASP..105.1240W},
  adsnote = {Provided by the SAO/NASA Astrophysics Data System}
}


@ARTICLE{hoogerwerf2001},
   author = {{Hoogerwerf}, R. and {de Bruijne}, J.~H.~J. and {de Zeeuw}, P.~T.
	},
    title = "{On the origin of the O and B-type stars with high velocities. II. Runaway stars and pulsars ejected from the nearby young stellar groups}",
  journal = {\aap},
   eprint = {arXiv:astro-ph/0010057},
 keywords = {ASTROMETRY, STARS: EARLY-TYPE, STARS: KINEMATICS, PULSARS: GENERAL, SUPERNOVA: GENERAL},
     year = 2001,
    month = jan,
   volume = 365,
    pages = {49-77},
      doi = {10.1051/0004-6361:20000014},
   adsurl = {http://adsabs.harvard.edu/abs/2001A%26A...365...49H},
  adsnote = {Provided by the SAO/NASA Astrophysics Data System}
}


@ARTICLE{gaskell1986,
   author = {{Gaskell}, C.~M. and {Cappellaro}, E. and {Dinerstein}, H.~L. and 
	{Garnett}, D.~R. and {Harkness}, R.~P. and {Wheeler}, J.~C.},
    title = "{Type Ib supernovae 1983n and 1985f - Oxygen-rich late time spectra}",
  journal = {\apjl},
 keywords = {EMISSION SPECTRA, LINE SPECTRA, STELLAR SPECTRA, SUPERNOVAE, EJECTA, H II REGIONS, OXYGEN SPECTRA, STELLAR ENVELOPES, VISIBLE SPECTRUM, WOLF-RAYET STARS},
     year = 1986,
    month = jul,
   volume = 306,
    pages = {L77-L80},
      doi = {10.1086/184709},
   adsurl = {http://adsabs.harvard.edu/abs/1986ApJ...306L..77G},
  adsnote = {Provided by the SAO/NASA Astrophysics Data System}
}

@ARTICLE{anderson2008,
   author = {{Anderson}, J.~P. and {James}, P.~A.},
    title = "{Constraints on core-collapse supernova progenitors from correlations with H{$\alpha$} emission}",
  journal = {\mnras},
archivePrefix = "arXiv",
   eprint = {0809.0236},
 keywords = {supernovae: general , galaxies: general , galaxies: statistics},
     year = 2008,
    month = nov,
   volume = 390,
    pages = {1527-1538},
      doi = {10.1111/j.1365-2966.2008.13843.x},
   adsurl = {http://adsabs.harvard.edu/abs/2008MNRAS.390.1527A},
  adsnote = {Provided by the SAO/NASA Astrophysics Data System}
}

@ARTICLE{kelly2008,
   author = {{Kelly}, P.~L. and {Kirshner}, R.~P. and {Pahre}, M.},
    title = "{Long {$\gamma$}-Ray Bursts and Type Ic Core-Collapse Supernovae Have Similar Locations in Hosts}",
  journal = {\apj},
archivePrefix = "arXiv",
   eprint = {0712.0430},
 keywords = {Gamma Rays: Bursts, Stars: Supernovae: General},
     year = 2008,
    month = nov,
   volume = 687,
    pages = {1201-1207},
      doi = {10.1086/591925},
   adsurl = {http://adsabs.harvard.edu/abs/2008ApJ...687.1201K},
  adsnote = {Provided by the SAO/NASA Astrophysics Data System}
}


@ARTICLE{podsiadlowski1992,
   author = {{Podsiadlowski}, P. and {Joss}, P.~C. and {Hsu}, J.~J.~L.},
    title = "{Presupernova evolution in massive interacting binaries}",
  journal = {\apj},
 keywords = {BINARY STARS, MASSIVE STARS, STELLAR EVOLUTION, SUPERNOVAE, COMPUTATIONAL ASTROPHYSICS, MONTE CARLO METHOD, STELLAR ENVELOPES, STELLAR MASS ACCRETION, STELLAR MODELS, SUPERNOVA 1987A},
     year = 1992,
    month = may,
   volume = 391,
    pages = {246-264},
      doi = {10.1086/171341},
   adsurl = {http://adsabs.harvard.edu/abs/1992ApJ...391..246P},
  adsnote = {Provided by the SAO/NASA Astrophysics Data System}
}

@ARTICLE{nomoto1995,
   author = {{Nomoto}, K.~I. and {Iwamoto}, K. and {Suzuki}, T.},
    title = "{The evolution and explosion of massive binary stars and Type Ib-Ic-IIb-IIL supernovae.}",
  journal = {\physrep},
 keywords = {Supernovae: Progenitors, Supernovae: Binaries, Supernovae: Stellar Evolution},
     year = 1995,
    month = may,
   volume = 256,
    pages = {173-191},
      doi = {10.1016/0370-1573(94)00107-E},
   adsurl = {http://adsabs.harvard.edu/abs/1995PhR...256..173N},
  adsnote = {Provided by the SAO/NASA Astrophysics Data System}
}


@ARTICLE{smith2011,
   author = {{Smith}, N. and {Li}, W. and {Filippenko}, A.~V. and {Chornock}, R.
	},
    title = "{Observed fractions of core-collapse supernova types and initial masses of their single and binary progenitor stars}",
  journal = {\mnras},
archivePrefix = "arXiv",
   eprint = {1006.3899},
 primaryClass = "astro-ph.HE",
 keywords = {binaries: general, stars: evolution, stars: mass-loss, supernovae: general},
     year = 2011,
    month = apr,
   volume = 412,
    pages = {1522-1538},
      doi = {10.1111/j.1365-2966.2011.17229.x},
   adsurl = {http://adsabs.harvard.edu/abs/2011MNRAS.412.1522S},
  adsnote = {Provided by the SAO/NASA Astrophysics Data System}
}

@ARTICLE{smartt2003,
   author = {{Smartt}, S.~J. and {Maund}, J.~R. and {Gilmore}, G.~F. and 
	{Tout}, C.~A. and {Kilkenny}, D. and {Benetti}, S.},
    title = "{Mass limits for the progenitor star of supernova 2001du and other Type II-P supernovae}",
  journal = {\mnras},
   eprint = {arXiv:astro-ph/0301324},
 keywords = {stars: evolution, supernovae: general, supernovae: individual: SN 1999em, supernovae: individual: SN 1999gi, supernovae: individual: SN 2001du, galaxies: individual: NGC 1365},
     year = 2003,
    month = aug,
   volume = 343,
    pages = {735-749},
      doi = {10.1046/j.1365-8711.2003.06718.x},
   adsurl = {http://adsabs.harvard.edu/abs/2003MNRAS.343..735S},
  adsnote = {Provided by the SAO/NASA Astrophysics Data System}
}


@ARTICLE{galyam2009,
   author = {{Gal-Yam}, A. and {Leonard}, D.~C.},
    title = "{A massive hypergiant star as the progenitor of the supernova SN 2005gl}",
  journal = {\nat},
     year = 2009,
    month = apr,
   volume = 458,
    pages = {865-867},
      doi = {10.1038/nature07934},
   adsurl = {http://adsabs.harvard.edu/abs/2009Natur.458..865G},
  adsnote = {Provided by the SAO/NASA Astrophysics Data System}
}

@ARTICLE{crockett2011,
   author = {{Crockett}, R.~M. and {Smartt}, S.~J. and {Pastorello}, A. and 
	{Eldridge}, J.~J. and {Stephens}, A.~W. and {Maund}, J.~R. and 
	{Mattila}, S.},
    title = "{On the nature of the progenitors of three Type II-P supernovae: 2004et, 2006my and 2006ov}",
  journal = {\mnras},
archivePrefix = "arXiv",
   eprint = {0912.3302},
 primaryClass = "astro-ph.CO",
 keywords = {stars: evolution, supernovae: general, supernovae: individual: SN 2004et, supernovae: individual: SN 2006my, supernovae: individual: SN 2006ov},
     year = 2011,
    month = feb,
   volume = 410,
    pages = {2767-2786},
      doi = {10.1111/j.1365-2966.2010.17652.x},
   adsurl = {http://adsabs.harvard.edu/abs/2011MNRAS.410.2767C},
  adsnote = {Provided by the SAO/NASA Astrophysics Data System}
}


@ARTICLE{wang2005,
   author = {{Wang}, X. and {Yang}, Y. and {Zhang}, T. and {Ma}, J. and {Zhou}, X. and 
	{Li}, W. and {Lou}, Y.-Q. and {Li}, Z.},
    title = "{The Progenitor of SN 2004dj in a Star Cluster}",
  journal = {\apjl},
   eprint = {arXiv:astro-ph/0505305},
 keywords = {Galaxies: Individual: NGC Number: NGC 2403, Galaxies: Star Clusters, Stars: Evolution, Stars: Supergiants, Stars: Supernovae: General, Stars: Supernovae: Individual: Alphanumeric: SN 2004dj},
     year = 2005,
    month = jun,
   volume = 626,
    pages = {L89-L92},
      doi = {10.1086/431903},
   adsurl = {http://adsabs.harvard.edu/abs/2005ApJ...626L..89W},
  adsnote = {Provided by the SAO/NASA Astrophysics Data System}
}

@ARTICLE{maiz2004,
   author = {{Ma{\'{\i}}z-Apell{\'a}niz}, J. and {Bond}, H.~E. and {Siegel}, M.~H. and 
	{Lipkin}, Y. and {Maoz}, D. and {Ofek}, E.~O. and {Poznanski}, D.
	},
    title = "{The Progenitor of the Type II-P SN 2004dj in NGC 2403}",
  journal = {\apjl},
   eprint = {arXiv:astro-ph/0408265},
 keywords = {Galaxies: Individual: NGC Number: NGC 2403, Galaxies: Star Clusters, Stars: Supernovae: General, Stars: Supernovae: Individual: Alphanumeric: SN 2004dj},
     year = 2004,
    month = nov,
   volume = 615,
    pages = {L113-L116},
      doi = {10.1086/426120},
   adsurl = {http://adsabs.harvard.edu/abs/2004ApJ...615L.113M},
  adsnote = {Provided by the SAO/NASA Astrophysics Data System}
}



@ARTICLE{salpeter1955,
   author = {{Salpeter}, E.~E.},
    title = "{The Luminosity Function and Stellar Evolution.}",
  journal = {\apj},
     year = 1955,
    month = jan,
   volume = 121,
    pages = {161-+},
      doi = {10.1086/145971},
   adsurl = {http://adsabs.harvard.edu/abs/1955ApJ...121..161S},
  adsnote = {Provided by the SAO/NASA Astrophysics Data System}
}



@ARTICLE{cappellaro1999,
   author = {{Cappellaro}, E. and {Evans}, R. and {Turatto}, M.},
    title = "{A new determination of supernova rates and a comparison with indicators for galactic star formation}",
  journal = {\aap},
   eprint = {arXiv:astro-ph/9904225},
 keywords = {SURVEYS, STARS: SUPERNOVAE: GENERAL, GALAXIES: EVOLUTION, GALAXIES: STELLAR CONTENT},
     year = 1999,
    month = nov,
   volume = 351,
    pages = {459-466},
   adsurl = {http://adsabs.harvard.edu/abs/1999A%26A...351..459C},
  adsnote = {Provided by the SAO/NASA Astrophysics Data System}
}

@ARTICLE{woosley1988,
   author = {{Woosley}, S.~E.},
    title = "{SN 1987A - After the peak}",
  journal = {\apj},
 keywords = {LIGHT CURVE, STELLAR CORES, STELLAR EVOLUTION, STELLAR INTERIORS, STELLAR MASS, SUPERNOVA 1987A, KINETIC ENERGY, NEUTRINOS, NEUTRON STARS, STELLAR ENVELOPES},
     year = 1988,
    month = jul,
   volume = 330,
    pages = {218-253},
      doi = {10.1086/166468},
   adsurl = {http://adsabs.harvard.edu/abs/1988ApJ...330..218W},
  adsnote = {Provided by the SAO/NASA Astrophysics Data System}
}

@ARTICLE{panagia2000,
   author = {{Panagia}, N. and {Romaniello}, M. and {Scuderi}, S. and {Kirshner}, R.~P.
	},
    title = "{Young Stellar Populations around SN 1987A}",
  journal = {\apj},
   eprint = {arXiv:astro-ph/0001476},
 keywords = {Galaxies: Individual: Name: Large Magellanic Cloud, Galaxies: Magellanic Clouds, Stars: Early-Type, Stars: Evolution, Stars: Pre-Main-Sequence, Stars: Supernovae: Individual: Alphanumeric: SN 1987A},
     year = 2000,
    month = aug,
   volume = 539,
    pages = {197-208},
      doi = {10.1086/309212},
   adsurl = {http://adsabs.harvard.edu/abs/2000ApJ...539..197P},
  adsnote = {Provided by the SAO/NASA Astrophysics Data System}
}

@ARTICLE{eldridge2011,
   author = {{Eldridge}, J.~J. and {Langer}, N. and {Tout}, C.~A.},
    title = "{Runaway stars as progenitors of supernovae and gamma-ray bursts}",
  journal = {\mnras},
archivePrefix = "arXiv",
   eprint = {1103.1877},
 primaryClass = "astro-ph.SR",
 keywords = {binaries: general, stars: evolution, gamma-ray burst: general, stars: massive, supernovae: general, stars: Wolf-Rayet},
     year = 2011,
    month = jul,
   volume = 414,
    pages = {3501-3520},
      doi = {10.1111/j.1365-2966.2011.18650.x},
   adsurl = {http://adsabs.harvard.edu/abs/2011MNRAS.414.3501E},
  adsnote = {Provided by the SAO/NASA Astrophysics Data System}
}


@ARTICLE{dolphin2002,
   author = {{Dolphin}, A.~E.},
    title = "{Numerical methods of star formation history measurement and applications to seven dwarf spheroidals}",
  journal = {\mnras},
   eprint = {arXiv:astro-ph/0112331},
 keywords = {methods: numerical, methods: statistical, Local Group, galaxies: stellar content},
     year = 2002,
    month = may,
   volume = 332,
    pages = {91-108},
      doi = {10.1046/j.1365-8711.2002.05271.x},
   adsurl = {http://adsabs.harvard.edu/abs/2002MNRAS.332...91D},
  adsnote = {Provided by the SAO/NASA Astrophysics Data System}
}


@ARTICLE{thompson2009,
   author = {{Thompson}, T.~A. and {Prieto}, J.~L. and {Stanek}, K.~Z. and 
	{Kistler}, M.~D. and {Beacom}, J.~F. and {Kochanek}, C.~S.},
    title = "{A New Class of Luminous Transients and a First Census of their Massive Stellar Progenitors}",
  journal = {\apj},
archivePrefix = "arXiv",
   eprint = {0809.0510},
 keywords = {stars: evolution, supernovae: general, supernovae: individual: SN 2008S 1999bw, surveys},
     year = 2009,
    month = nov,
   volume = 705,
    pages = {1364-1384},
      doi = {10.1088/0004-637X/705/2/1364},
   adsurl = {http://adsabs.harvard.edu/abs/2009ApJ...705.1364T},
  adsnote = {Provided by the SAO/NASA Astrophysics Data System}
}

@ARTICLE{arnett1989,
   author = {{Arnett}, W.~D. and {Bahcall}, J.~N. and {Kirshner}, R.~P. and 
	{Woosley}, S.~E.},
    title = "{Supernova 1987A}",
  journal = {\araa},
 keywords = {STELLAR EVOLUTION, SUPERNOVA 1987A, BLUE STARS, GAMMA RAY SPECTRA, LIGHT CURVE, METALLICITY, NEUTRINOS, NUCLEAR FUSION, STELLAR COLOR, X RAY SPECTRA},
     year = 1989,
   volume = 27,
    pages = {629-700},
      doi = {10.1146/annurev.aa.27.090189.003213},
   adsurl = {http://adsabs.harvard.edu/abs/1989ARA%26A..27..629A},
  adsnote = {Provided by the SAO/NASA Astrophysics Data System}
}


@ARTICLE{harris2009,
   author = {{Harris}, J. and {Zaritsky}, D.},
    title = "{The Star Formation History of the Large Magellanic Cloud}",
  journal = {\aj},
archivePrefix = "arXiv",
   eprint = {0908.1422},
 primaryClass = "astro-ph.CO",
 keywords = {galaxies: evolution, galaxies: individual: Large Magellanic Cloud, galaxies: stellar content, Magellanic Clouds},
     year = 2009,
    month = nov,
   volume = 138,
    pages = {1243-1260},
      doi = {10.1088/0004-6256/138/5/1243},
   adsurl = {http://adsabs.harvard.edu/abs/2009AJ....138.1243H},
  adsnote = {Provided by the SAO/NASA Astrophysics Data System}
}

@ARTICLE{vandyk2002,
   author = {{Van Dyk}, S.~D. and {Garnavich}, P.~M. and {Filippenko}, A.~V. and 
	{H{\"o}flich}, P. and {Kirshner}, R.~P. and {Kurucz}, R.~L. and 
	{Challis}, P.},
    title = "{The Progenitor of Supernova 1993J Revisited}",
  journal = {\pasp},
   eprint = {arXiv:astro-ph/0208382},
 keywords = {Galaxies: Individual: Messier Number: M81, Galaxies: Individual: NGC Number: NGC 3031, Stars: Evolution, Stars: Supernovae: General, Stars: Supernovae: Individual: Alphanumeric: SN 1993J},
     year = 2002,
    month = dec,
   volume = 114,
    pages = {1322-1332},
      doi = {10.1086/344382},
   adsurl = {http://adsabs.harvard.edu/abs/2002PASP..114.1322V},
  adsnote = {Provided by the SAO/NASA Astrophysics Data System}
}


@ARTICLE{smartt2002,
   author = {{Smartt}, S.~J. and {Vreeswijk}, P.~M. and {Ramirez-Ruiz}, E. and 
	{Gilmore}, G.~F. and {Meikle}, W.~P.~S. and {Ferguson}, A.~M.~N. and 
	{Knapen}, J.~H.},
    title = "{On the Progenitor of the Type Ic Supernova 2002ap}",
  journal = {\apjl},
   eprint = {arXiv:astro-ph/0205241},
 keywords = {Stars: Binaries: Close, Galaxies: Individual: NGC Number: NGC 628, Gamma Rays: Bursts, Stars: Evolution, Stars: Wolf-Rayet, Stars: Supernovae: Individual: Alphanumeric: SN 2002ap},
     year = 2002,
    month = jun,
   volume = 572,
    pages = {L147-L151},
      doi = {10.1086/341747},
   adsurl = {http://adsabs.harvard.edu/abs/2002ApJ...572L.147S},
  adsnote = {Provided by the SAO/NASA Astrophysics Data System}
}

@ARTICLE{vandyk2003a,
   author = {{Van Dyk}, S.~D. and {Li}, W. and {Filippenko}, A.~V.},
    title = "{On the Progenitor of Supernova 2001du in NGC 1365}",
  journal = {\pasp},
   eprint = {arXiv:astro-ph/0301346},
 keywords = {Galaxies: Individual: NGC Number: NGC 1365, Stars: Evolution, Stars: Variables: Other, Stars: Supernovae: General, supernovae: individual (SN 2001du)},
     year = 2003,
    month = apr,
   volume = 115,
    pages = {448-452},
      doi = {10.1086/374299},
   adsurl = {http://adsabs.harvard.edu/abs/2003PASP..115..448V},
  adsnote = {Provided by the SAO/NASA Astrophysics Data System}
}



@ARTICLE{vandyk2003b,
   author = {{Van Dyk}, S.~D. and {Li}, W. and {Filippenko}, A.~V.},
    title = "{On the Progenitor of the Type II-Plateau Supernova 2003gd in M74}",
  journal = {\pasp},
   eprint = {arXiv:astro-ph/0307226},
 keywords = {Stars: Supernovae: General, supernovae: individual (SN 2003gd), supernovae: individual (1999em), Stars: Evolution, Stars: Variables: Other, galaxies: individual (M74), Galaxies: Individual: NGC Number: NGC 628},
     year = 2003,
    month = nov,
   volume = 115,
    pages = {1289-1295},
      doi = {10.1086/378308},
   adsurl = {http://adsabs.harvard.edu/abs/2003PASP..115.1289V},
  adsnote = {Provided by the SAO/NASA Astrophysics Data System}
}

@ARTICLE{aldering1994,
   author = {{Aldering}, G. and {Humphreys}, R.~M. and {Richmond}, M.},
    title = "{SN 1993J: The optical properties of its progenitor}",
  journal = {\aj},
 keywords = {B STARS, BINARY STARS, BLUE STARS, MAGELLANIC CLOUDS, O STARS, OPTICAL PROPERTIES, SPECTRAL ENERGY DISTRIBUTION, STELLAR EVOLUTION, STELLAR MODELS, STELLAR SPECTRA, SUPERGIANT STARS, SUPERNOVAE, UBV SPECTRA, ASTRONOMICAL PHOTOGRAPHY, ASTRONOMICAL PHOTOMETRY, CHARGE COUPLED DEVICES, HERTZSPRUNG-RUSSELL DIAGRAM, LIGHT CURVE, STELLAR MASS},
     year = 1994,
    month = feb,
   volume = 107,
    pages = {662-672},
      doi = {10.1086/116886},
   adsurl = {http://adsabs.harvard.edu/abs/1994AJ....107..662A},
  adsnote = {Provided by the SAO/NASA Astrophysics Data System}
}

@ARTICLE{heger2003,
   author = {{Heger}, A. and {Fryer}, C.~L. and {Woosley}, S.~E. and {Langer}, N. and 
	{Hartmann}, D.~H.},
    title = "{How Massive Single Stars End Their Life}",
  journal = {\apj},
   eprint = {arXiv:astro-ph/0212469},
 keywords = {Black Hole Physics, Gamma Rays: Bursts, Stars: Early-Type, Stars: Neutron, Stars: Supernovae: General},
     year = 2003,
    month = jul,
   volume = 591,
    pages = {288-300},
      doi = {10.1086/375341},
   adsurl = {http://adsabs.harvard.edu/abs/2003ApJ...591..288H},
  adsnote = {Provided by the SAO/NASA Astrophysics Data System}
}

@ARTICLE{smith2011b,
   author = {{Smith}, N. and {Li}, W. and {Miller}, A.~A. and {Silverman}, J.~M. and 
	{Filippenko}, A.~V. and {Cuillandre}, J.-C. and {Cooper}, M.~C. and 
	{Matheson}, T. and {Van Dyk}, S.~D.},
    title = "{A Massive Progenitor of the Luminous Type IIn Supernova 2010jl}",
  journal = {\apj},
archivePrefix = "arXiv",
   eprint = {1011.4150},
 primaryClass = "astro-ph.SR",
 keywords = {circumstellar matter, stars: evolution, stars: mass-loss, stars: winds, outflows, supernovae: general},
     year = 2011,
    month = may,
   volume = 732,
    pages = {63-+},
      doi = {10.1088/0004-637X/732/2/63},
   adsurl = {http://adsabs.harvard.edu/abs/2011ApJ...732...63S},
  adsnote = {Provided by the SAO/NASA Astrophysics Data System}
}

@ARTICLE{gallart2005,
   author = {{Gallart}, C. and {Zoccali}, M. and {Aparicio}, A.},
    title = "{The Adequacy of Stellar Evolution Models for the Interpretation of the Color-Magnitude Diagrams of Resolved Stellar Populations}",
  journal = {\araa},
     year = 2005,
    month = sep,
   volume = 43,
    pages = {387-434},
      doi = {10.1146/annurev.astro.43.072103.150608},
   adsurl = {http://adsabs.harvard.edu/abs/2005ARA%26A..43..387G},
  adsnote = {Provided by the SAO/NASA Astrophysics Data System}
}

@ARTICLE{stanek1998,
   author = {{Stanek}, K.~Z. and {Garnavich}, P.~M.},
    title = "{Distance to M31 with the Hubble Space Telescope and HIPPARCOS Red Clump Stars}",
  journal = {\apjl},
   eprint = {arXiv:astro-ph/9802121},
 keywords = {GALAXY: CENTER, GALAXIES: INDIVIDUAL MESSIER NUMBER: M31, GALAXIES: DISTANCES AND REDSHIFTS, SOLAR SYSTEM: GENERAL, STARS: HORIZONTAL-BRANCH},
     year = 1998,
    month = aug,
   volume = 503,
    pages = {L131+},
      doi = {10.1086/311539},
   adsurl = {http://adsabs.harvard.edu/abs/1998ApJ...503L.131S},
  adsnote = {Provided by the SAO/NASA Astrophysics Data System}
}


@ARTICLE{dalcanton2009,
   author = {{Dalcanton}, J.~J. and {Williams}, B.~F. and {Seth}, A.~C. and 
	{Dolphin}, A. and {Holtzman}, J. and {Rosema}, K. and {Skillman}, E.~D. and 
	{Cole}, A. and {Girardi}, L. and {Gogarten}, S.~M. and {Karachentsev}, I.~D. and 
	{Olsen}, K. and {Weisz}, D. and {Christensen}, C. and {Freeman}, K. and 
	{Gilbert}, K. and {Gallart}, C. and {Harris}, J. and {Hodge}, P. and 
	{de Jong}, R.~S. and {Karachentseva}, V. and {Mateo}, M. and 
	{Stetson}, P.~B. and {Tavarez}, M. and {Zaritsky}, D. and {Governato}, F. and 
	{Quinn}, T.},
    title = "{The ACS Nearby Galaxy Survey Treasury}",
  journal = {\apjs},
archivePrefix = "arXiv",
   eprint = {0905.3737},
 primaryClass = "astro-ph.GA",
 keywords = {catalogs, galaxies: formation, galaxies: stellar content, surveys},
     year = 2009,
    month = jul,
   volume = 183,
    pages = {67-108},
      doi = {10.1088/0067-0049/183/1/67},
   adsurl = {http://adsabs.harvard.edu/abs/2009ApJS..183...67D},
  adsnote = {Provided by the SAO/NASA Astrophysics Data System}
}


@ARTICLE{dolphin2000,
   author = {{Dolphin}, A.~E.},
    title = "{WFPC2 Stellar Photometry with HSTPHOT}",
  journal = {\pasp},
   eprint = {arXiv:astro-ph/0006217},
 keywords = {Techniques: Photometric},
     year = 2000,
    month = oct,
   volume = 112,
    pages = {1383-1396},
      doi = {10.1086/316630},
   adsurl = {http://adsabs.harvard.edu/abs/2000PASP..112.1383D},
  adsnote = {Provided by the SAO/NASA Astrophysics Data System}
}


@ARTICLE{schlegel98,
   author = {{Schlegel}, D.~J. and {Finkbeiner}, D.~P. and {Davis}, M.},
    title = "{Maps of Dust Infrared Emission for Use in Estimation of Reddening and Cosmic Microwave Background Radiation Foregrounds}",
  journal = {\apj},
   eprint = {arXiv:astro-ph/9710327},
 keywords = {COSMOLOGY: DIFFUSE RADIATION, COSMOLOGY: COSMIC MICROWAVE BACKGROUND, ISM: DUST, EXTINCTION, INTERPLANETARY MEDIUM, INFRARED: ISM: CONTINUUM},
     year = 1998,
    month = jun,
   volume = 500,
    pages = {525-+},
      doi = {10.1086/305772},
   adsurl = {http://adsabs.harvard.edu/abs/1998ApJ...500..525S},
  adsnote = {Provided by the SAO/NASA Astrophysics Data System}
}

@ARTICLE{vinko2009,
   author = {{Vink{\'o}}, J. and {S{\'a}rneczky}, K. and {Balog}, Z. and 
	{Immler}, S. and {Sugerman}, B.~E.~K. and {Brown}, P.~J. and 
	{Misselt}, K. and {Szab{\'o}}, G.~M. and {Csizmadia}, S. and 
	{Kun}, M. and {Klagyivik}, P. and {Foley}, R.~J. and {Filippenko}, A.~V. and 
	{Cs{\'a}k}, B. and {Kiss}, L.~L.},
    title = "{The Young, Massive, Star Cluster Sandage-96 After the Explosion of Supernova 2004dj in NGC 2403}",
  journal = {\apj},
archivePrefix = "arXiv",
   eprint = {0812.1589},
 keywords = {supernovae: individual: 2004dj},
     year = 2009,
    month = apr,
   volume = 695,
    pages = {619-635},
      doi = {10.1088/0004-637X/695/1/619},
   adsurl = {http://adsabs.harvard.edu/abs/2009ApJ...695..619V},
  adsnote = {Provided by the SAO/NASA Astrophysics Data System}
}

@ARTICLE{murphy2011,
   author = {{Murphy}, J.~W. and {Jennings}, Z.~G. and {Williams}, B. and 
	{Dalcanton}, J.~J. and {Dolphin}, A.~E.},
    title = "{The Progenitor Mass of SN 2011dh from Stellar Population Analysis}",
  journal = {\apjl},
archivePrefix = "arXiv",
   eprint = {1107.6046},
 primaryClass = "astro-ph.SR",
 keywords = {supernovae: general, supernovae: individual: SN 2011dh},
     year = 2011,
    month = nov,
   volume = 742,
      eid = {L4},
    pages = {L4},
      doi = {10.1088/2041-8205/742/1/L4},
   adsurl = {http://adsabs.harvard.edu/abs/2011ApJ...742L...4M},
  adsnote = {Provided by the SAO/NASA Astrophysics Data System}
}



@ARTICLE{braun1993,
   author = {{Braun}, R. and {Walterbos}, R.~A.~M.},
    title = "{An atlas of supernova remnant candidates in Messier 31}",
  journal = {\aaps},
 keywords = {ANDROMEDA GALAXY, SUPERNOVA REMNANTS, ASTRONOMICAL PHOTOMETRY, CHARGE COUPLED DEVICES, EMISSION SPECTRA, H ALPHA LINE},
     year = 1993,
    month = apr,
   volume = 98,
    pages = {327-364},
   adsurl = {http://adsabs.harvard.edu/abs/1993A%26AS...98..327B},
  adsnote = {Provided by the SAO/NASA Astrophysics Data System}
}

@ARTICLE{magnier1995,
   author = {{Magnier}, E.~A. and {Prins}, S. and {van Paradijs}, J. and 
	{Lewin}, W.~H.~G. and {Supper}, R. and {Hasinger}, G. and {Pietsch}, W. and 
	{Truemper}, J.},
    title = "{New supernova remnant candidates in M 31.}",
  journal = {\aaps},
 keywords = {GALAXIES: M 31, ISM, ISM: SUPERNOVA REMNANTS, H II REGIONS, BUBBLES},
     year = 1995,
    month = dec,
   volume = 114,
    pages = {215-+},
   adsurl = {http://adsabs.harvard.edu/abs/1995A%26AS..114..215M},
  adsnote = {Provided by the SAO/NASA Astrophysics Data System}
}

@ARTICLE{girardi2002,
   author = {{Girardi}, L. and {Bertelli}, G. and {Bressan}, A. and {Chiosi}, C. and 
	{Groenewegen}, M.~A.~T. and {Marigo}, P. and {Salasnich}, B. and 
	{Weiss}, A.},
    title = "{Theoretical isochrones in several photometric systems. I. Johnson-Cousins-Glass, HST/WFPC2, HST/NICMOS, Washington, and ESO Imaging Survey filter sets}",
  journal = {\aap},
   eprint = {arXiv:astro-ph/0205080},
 keywords = {stars: fundamental parameters, Hertzprung-Russell (HR) and C-M diagrams},
     year = 2002,
    month = aug,
   volume = 391,
    pages = {195-212},
      doi = {10.1051/0004-6361:20020612},
   adsurl = {http://adsabs.harvard.edu/abs/2002A%26A...391..195G},
  adsnote = {Provided by the SAO/NASA Astrophysics Data System}
}

@ARTICLE{girardi2010,
   author = {{Girardi}, L. and {Williams}, B.~F. and {Gilbert}, K.~M. and 
	{Rosenfield}, P. and {Dalcanton}, J.~J. and {Marigo}, P. and 
	{Boyer}, M.~L. and {Dolphin}, A. and {Weisz}, D.~R. and {Melbourne}, J. and 
	{Olsen}, K.~A.~G. and {Seth}, A.~C. and {Skillman}, E.},
    title = "{The ACS Nearby Galaxy Survey Treasury. IX. Constraining Asymptotic Giant Branch Evolution with Old Metal-poor Galaxies}",
  journal = {\apj},
archivePrefix = "arXiv",
   eprint = {1009.4618},
 primaryClass = "astro-ph.SR",
 keywords = {stars: general},
     year = 2010,
    month = dec,
   volume = 724,
    pages = {1030-1043},
      doi = {10.1088/0004-637X/724/2/1030},
   adsurl = {http://adsabs.harvard.edu/abs/2010ApJ...724.1030G},
  adsnote = {Provided by the SAO/NASA Astrophysics Data System}
}



@ARTICLE{gogarten2009b,
   author = {{Gogarten}, S.~M. and {Dalcanton}, J.~J. and {Williams}, B.~F. and 
	{Seth}, A.~C. and {Dolphin}, A. and {Weisz}, D. and {Skillman}, E. and 
	{Holtzman}, J. and {Cole}, A. and {Girardi}, L. and {de Jong}, R.~S. and 
	{Karachentsev}, I.~D. and {Olsen}, K. and {Rosema}, K.},
    title = "{The ACS Nearby Galaxy Survey Treasury. II. Young Stars and their Relation to H{$\alpha$} and UV Emission Timescales in the M81 Outer Disk}",
  journal = {\apj},
archivePrefix = "arXiv",
   eprint = {0810.0266},
 keywords = {galaxies: evolution, galaxies: individual: M81, galaxies: spiral, galaxies: stellar content, H II regions},
     year = 2009,
    month = jan,
   volume = 691,
    pages = {115-130},
      doi = {10.1088/0004-637X/691/1/115},
   adsurl = {http://adsabs.harvard.edu/abs/2009ApJ...691..115G},
  adsnote = {Provided by the SAO/NASA Astrophysics Data System}
}




@INPROCEEDINGS{williams1995,
   author = {{Williams}, B.~F. and {Schmitt}, M.~D. and {Winkler}, P.~F.},
    title = "{New Candidate Supernova Remnants in M31}",
booktitle = {American Astronomical Society Meeting Abstracts \#186},
     year = 1995,
   series = {Bulletin of the American Astronomical Society},
   volume = 27,
    month = may,
    pages = {883-+},
   adsurl = {http://adsabs.harvard.edu/abs/1995AAS...186.4911W},
  adsnote = {Provided by the SAO/NASA Astrophysics Data System}
}

@ARTICLE{galyam2007,
   author = {{Gal-Yam}, A. and {Leonard}, D.~C. and {Fox}, D.~B. and {Cenko}, S.~B. and 
	{Soderberg}, A.~M. and {Moon}, D.-S. and {Sand}, D.~J. and {Caltech Core Collapse Program} and 
	{Li}, W. and {Filippenko}, A.~V. and {Aldering}, G. and {Copin}, Y.
	},
    title = "{On the Progenitor of SN 2005gl and the Nature of Type IIn Supernovae}",
  journal = {\apj},
   eprint = {arXiv:astro-ph/0608029},
 keywords = {Instrumentation: Adaptive Optics, Stars: Supernovae: General, supernovae: individual (SN 2005gl)},
     year = 2007,
    month = feb,
   volume = 656,
    pages = {372-381},
      doi = {10.1086/510523},
   adsurl = {http://adsabs.harvard.edu/abs/2007ApJ...656..372G},
  adsnote = {Provided by the SAO/NASA Astrophysics Data System}
}


@ARTICLE{williams2009,
   author = {{Williams}, K.~A. and {Bolte}, M. and {Koester}, D.},
    title = "{Probing the Lower Mass Limit for Supernova Progenitors and the High-Mass End of the Initial-Final Mass Relation from White Dwarfs in the Open Cluster M35 (NGC 2168)}",
  journal = {\apj},
archivePrefix = "arXiv",
   eprint = {0811.1577},
 keywords = {open clusters and associations: individual: M35, stars: evolution, white dwarfs},
     year = 2009,
    month = mar,
   volume = 693,
    pages = {355-369},
      doi = {10.1088/0004-637X/693/1/355},
   adsurl = {http://adsabs.harvard.edu/abs/2009ApJ...693..355W},
  adsnote = {Provided by the SAO/NASA Astrophysics Data System}
}

@ARTICLE{botticella2012,
   author = {{Botticella}, M.~T. and {Smartt}, S.~J. and {Kennicutt}, R.~C. and 
	{Cappellaro}, E. and {Sereno}, M. and {Lee}, J.~C.},
    title = "{A comparison between star formation rate diagnostics and rate of core collapse supernovae within 11 Mpc}",
  journal = {\aap},
archivePrefix = "arXiv",
   eprint = {1111.1692},
 primaryClass = "astro-ph.CO",
 keywords = {stars: massive, supernovae: general, galaxies: star formation},
     year = 2012,
    month = jan,
   volume = 537,
      eid = {A132},
    pages = {A132},
      doi = {10.1051/0004-6361/201117343},
   adsurl = {http://adsabs.harvard.edu/abs/2012A%26A...537A.132B},
  adsnote = {Provided by the SAO/NASA Astrophysics Data System}
}

@ARTICLE{long2010,
   author = {{Long}, K.~S. and {Blair}, W.~P. and {Winkler}, P.~F. and {Becker}, R.~H. and 
	{Gaetz}, T.~J. and {Ghavamian}, P. and {Helfand}, D.~J. and 
	{Hughes}, J.~P. and {Kirshner}, R.~P. and {Kuntz}, K.~D. and 
	{McNeil}, E.~K. and {Pannuti}, T.~G. and {Plucinsky}, P.~P. and 
	{Saul}, D. and {T{\"u}llmann}, R. and {Williams}, B.},
    title = "{The Chandra ACIS Survey of M33: X-ray, Optical, and Radio Properties of the Supernova Remnants}",
  journal = {\apjs},
archivePrefix = "arXiv",
   eprint = {1002.1839},
 primaryClass = "astro-ph.GA",
 keywords = {galaxies: individual: M33, galaxies: ISM, ISM: supernova remnants, radio continuum: galaxies},
     year = 2010,
    month = apr,
   volume = 187,
    pages = {495-559},
      doi = {10.1088/0067-0049/187/2/495},
   adsurl = {http://adsabs.harvard.edu/abs/2010ApJS..187..495L},
  adsnote = {Provided by the SAO/NASA Astrophysics Data System}
}

@ARTICLE{williams2009b,
   author = {{Williams}, B.~F. and {Dalcanton}, J.~J. and {Seth}, A.~C. and 
	{Weisz}, D. and {Dolphin}, A. and {Skillman}, E. and {Harris}, J. and 
	{Holtzman}, J. and {Girardi}, L. and {de Jong}, R.~S. and {Olsen}, K. and 
	{Cole}, A. and {Gallart}, C. and {Gogarten}, S.~M. and {Hidalgo}, S.~L. and 
	{Mateo}, M. and {Rosema}, K. and {Stetson}, P.~B. and {Quinn}, T.
	},
    title = "{The ACS Nearby Galaxy Survey Treasury. I. The Star Formation History of the M81 Outer Disk}",
  journal = {\aj},
archivePrefix = "arXiv",
   eprint = {0810.2557},
 keywords = {galaxies: individual: M81, galaxies: stellar content, galaxies: spiral, galaxies: evolution},
     year = 2009,
    month = jan,
   volume = 137,
    pages = {419-430},
      doi = {10.1088/0004-6256/137/1/419},
   adsurl = {http://adsabs.harvard.edu/abs/2009AJ....137..419W},
  adsnote = {Provided by the SAO/NASA Astrophysics Data System}
}

@ARTICLE{williams2009c,
   author = {{Williams}, B.~F. and {Dalcanton}, J.~J. and {Dolphin}, A.~E. and 
	{Holtzman}, J. and {Sarajedini}, A.},
    title = "{The Detection of Inside-Out Disk Growth in M33}",
  journal = {\apjl},
archivePrefix = "arXiv",
   eprint = {0902.3460},
 primaryClass = "astro-ph.CO",
 keywords = {galaxies: evolution, galaxies: individual: M33, galaxies: spiral},
     year = 2009,
    month = apr,
   volume = 695,
    pages = {L15-L19},
      doi = {10.1088/0004-637X/695/1/L15},
   adsurl = {http://adsabs.harvard.edu/abs/2009ApJ...695L..15W},
  adsnote = {Provided by the SAO/NASA Astrophysics Data System}
}

@ARTICLE{barker2007,
   author = {{Barker}, M.~K. and {Sarajedini}, A. and {Geisler}, D. and {Harding}, P. and 
	{Schommer}, R.},
    title = "{The Stellar Populations in the Outer Regions of M33. III. Star Formation History}",
  journal = {\aj},
   eprint = {arXiv:astro-ph/0611892},
 keywords = {galaxies: abundances, galaxies: evolution, galaxies: individual: M33, galaxies: stellar content, galaxies: structure, Local Group},
     year = 2007,
    month = mar,
   volume = 133,
    pages = {1138-1160},
      doi = {10.1086/511186},
   adsurl = {http://adsabs.harvard.edu/abs/2007AJ....133.1138B},
  adsnote = {Provided by the SAO/NASA Astrophysics Data System}
}


@article{horiuchi2009,
  volume = {79},
  journal = {Phys. Rev. D},
  month = {Apr},
  numpages = {14},
  author = {Horiuchi, Shunsaku and Beacom, John F. and Dwek, Eli},
  title = {Diffuse supernova neutrino background is detectable in Super-Kamiokande},
  year = {2009},
  url = {http://link.aps.org/doi/10.1103/PhysRevD.79.083013},
  doi = {10.1103/PhysRevD.79.083013},
  issue = {8},
  publisher = {American Physical Society},
  pages = {083013}
}

@ARTICLE{horiuchi2011,
   author = {{Horiuchi}, S. and {Beacom}, J.~F. and {Kochanek}, C.~S. and 
	{Prieto}, J.~L. and {Stanek}, K.~Z. and {Thompson}, T.~A.},
    title = "{The Cosmic Core-collapse Supernova Rate Does Not Match the Massive-star Formation Rate}",
  journal = {\apj},
archivePrefix = "arXiv",
   eprint = {1102.1977},
 primaryClass = "astro-ph.CO",
 keywords = {galaxies: evolution, galaxies: starburst, stars: formation, supernovae: general},
     year = 2011,
    month = sep,
   volume = 738,
      eid = {154},
    pages = {154},
      doi = {10.1088/0004-637X/738/2/154},
   adsurl = {http://adsabs.harvard.edu/abs/2011ApJ...738..154H},
  adsnote = {Provided by the SAO/NASA Astrophysics Data System}
}

@ARTICLE{li2011,
   author = {{Li}, W. and {Leaman}, J. and {Chornock}, R. and {Filippenko}, A.~V. and 
	{Poznanski}, D. and {Ganeshalingam}, M. and {Wang}, X. and {Modjaz}, M. and 
	{Jha}, S. and {Foley}, R.~J. and {Smith}, N.},
    title = "{Nearby supernova rates from the Lick Observatory Supernova Search - II. The observed luminosity functions and fractions of supernovae in a complete sample}",
  journal = {\mnras},
archivePrefix = "arXiv",
   eprint = {1006.4612},
 primaryClass = "astro-ph.SR",
 keywords = {supernovae: general},
     year = 2011,
    month = apr,
   volume = 412,
    pages = {1441-1472},
      doi = {10.1111/j.1365-2966.2011.18160.x},
   adsurl = {http://adsabs.harvard.edu/abs/2011MNRAS.412.1441L},
  adsnote = {Provided by the SAO/NASA Astrophysics Data System}
}

@ARTICLE{weisz2011,
   author = {{Weisz}, D.~R. and {Dalcanton}, J.~J. and {Williams}, B.~F. and 
	{Gilbert}, K.~M. and {Skillman}, E.~D. and {Seth}, A.~C. and 
	{Dolphin}, A.~E. and {McQuinn}, K.~B.~W. and {Gogarten}, S.~M. and 
	{Holtzman}, J. and {Rosema}, K. and {Cole}, A. and {Karachentsev}, I.~D. and 
	{Zaritsky}, D.},
    title = "{The ACS Nearby Galaxy Survey Treasury. VIII. The Global Star Formation Histories of 60 Dwarf Galaxies in the Local Volume}",
  journal = {\apj},
archivePrefix = "arXiv",
   eprint = {1101.1093},
 primaryClass = "astro-ph.CO",
 keywords = {galaxies: dwarf, galaxies: evolution, galaxies: star formation, galaxies: stellar content, Hertzsprung-Russell and C-M diagrams},
     year = 2011,
    month = sep,
   volume = 739,
      eid = {5},
    pages = {5},
      doi = {10.1088/0004-637X/739/1/5},
   adsurl = {http://adsabs.harvard.edu/abs/2011ApJ...739....5W},
  adsnote = {Provided by the SAO/NASA Astrophysics Data System}
}

@ARTICLE{dennefeld1981,
   author = {{Dennefeld}, M. and {Kunth}, D.},
    title = "{Supernova remnants and H II regions in M31}",
  journal = {\aj},
 keywords = {ABUNDANCE, ANDROMEDA GALAXY, ASTRONOMICAL SPECTROSCOPY, H II REGIONS, SUPERNOVA REMNANTS, LINE SPECTRA, NITROGEN, OXYGEN, STELLAR SPECTRA},
     year = 1981,
    month = jul,
   volume = 86,
    pages = {989-997},
      doi = {10.1086/112974},
   adsurl = {http://adsabs.harvard.edu/abs/1981AJ.....86..989D},
  adsnote = {Provided by the SAO/NASA Astrophysics Data System}
}

@ARTICLE{blair1982,
   author = {{Blair}, W.~P. and {Kirshner}, R.~P. and {Chevalier}, R.~A.},
    title = "{Abundance gradients in M31 - Comparison of results from supernova remnants and H II regions}",
  journal = {\apj},
 keywords = {ABUNDANCE, ANDROMEDA GALAXY, H II REGIONS, NEBULAE, SPECTROPHOTOMETRY, STELLAR EVOLUTION, SUPERNOVA REMNANTS, ASTRONOMICAL MODELS, INTERSTELLAR GAS, NITROGEN, OXYGEN SPECTRA, SPECTRUM ANALYSIS, SPIRAL GALAXIES, TABLES (DATA)},
     year = 1982,
    month = mar,
   volume = 254,
    pages = {50-69},
      doi = {10.1086/159703},
   adsurl = {http://adsabs.harvard.edu/abs/1982ApJ...254...50B},
  adsnote = {Provided by the SAO/NASA Astrophysics Data System}
}


@ARTICLE{maund2011,
   author = {{Maund}, J.~R. and {Fraser}, M. and {Ergon}, M. and {Pastorello}, A. and 
	{Smartt}, S.~J. and {Sollerman}, J. and {Benetti}, S. and {Botticella}, M.-T. and 
	{Bufano}, F. and {Danziger}, I.~J. and {Kotak}, R. and {Magill}, L. and 
	{Stephens}, A.~W. and {Valenti}, S.},
    title = "{The Yellow Supergiant Progenitor of the Type II Supernova 2011dh in M51}",
  journal = {\apjl},
archivePrefix = "arXiv",
   eprint = {1106.2565},
 primaryClass = "astro-ph.SR",
 keywords = {supernovae: general, supernovae: individual: 2011dh},
     year = 2011,
    month = oct,
   volume = 739,
      eid = {L37},
    pages = {L37},
      doi = {10.1088/2041-8205/739/2/L37},
   adsurl = {http://adsabs.harvard.edu/abs/2011ApJ...739L..37M},
  adsnote = {Provided by the SAO/NASA Astrophysics Data System}
}



@ARTICLE{vandyk2011,
   author = {{Van Dyk}, S.~D. and {Li}, W. and {Cenko}, S.~B. and {Kasliwal}, M.~M. and 
	{Horesh}, A. and {Ofek}, E.~O. and {Kraus}, A.~L. and {Silverman}, J.~M. and 
	{Arcavi}, I. and {Filippenko}, A.~V. and {Gal-Yam}, A. and {Quimby}, R.~M. and 
	{Kulkarni}, S.~R. and {Yaron}, O. and {Polishook}, D.},
    title = "{The Progenitor of Supernova 2011dh/PTF11eon in Messier 51}",
  journal = {\apjl},
archivePrefix = "arXiv",
   eprint = {1106.2897},
 primaryClass = "astro-ph.CO",
 keywords = {galaxies: individual: NGC 5194, stars: evolution, supernovae: general, supernovae: individual: SN 2011dh},
     year = 2011,
    month = nov,
   volume = 741,
      eid = {L28},
    pages = {L28},
      doi = {10.1088/2041-8205/741/2/L28},
   adsurl = {http://adsabs.harvard.edu/abs/2011ApJ...741L..28V},
  adsnote = {Provided by the SAO/NASA Astrophysics Data System}
}

@ARTICLE{fraser2012,
   author = {{Fraser}, M. and {Maund}, J.~R. and {Smartt}, S.~J. and {Botticella}, M.-T. and 
	{Dall'Ora}, M. and {Inserra}, C. and {Tomasella}, L. and {Benetti}, S. and 
	{Ciroi}, S. and {Eldridge}, J.~J. and {Ergon}, M. and {Kotak}, R. and 
	{Mattila}, S. and {Ochner}, P. and {Pastorello}, A. and {Reilly}, E. and 
	{Sollerman}, J. and {Stephens}, A. and {Taddia}, F. and {Valenti}, S.
	},
    title = "{Red and dead: The progenitor of SN 2012aw in M95}",
  journal = {ArXiv e-prints},
archivePrefix = "arXiv",
   eprint = {1204.1523},
 primaryClass = "astro-ph.CO",
 keywords = {Astrophysics - Cosmology and Extragalactic Astrophysics, Astrophysics - Solar and Stellar Astrophysics},
     year = 2012,
    month = apr,
   adsurl = {http://adsabs.harvard.edu/abs/2012arXiv1204.1523F},
  adsnote = {Provided by the SAO/NASA Astrophysics Data System}
}


@ARTICLE{tolstoy2009,
   author = {{Tolstoy}, E. and {Hill}, V. and {Tosi}, M.},
    title = "{Star-Formation Histories, Abundances, and Kinematics of Dwarf Galaxies in the Local Group}",
  journal = {\araa},
archivePrefix = "arXiv",
   eprint = {0904.4505},
 primaryClass = "astro-ph.CO",
     year = 2009,
    month = sep,
   volume = 47,
    pages = {371-425},
      doi = {10.1146/annurev-astro-082708-101650},
   adsurl = {http://adsabs.harvard.edu/abs/2009ARA%26A..47..371T},
  adsnote = {Provided by the SAO/NASA Astrophysics Data System}
}

@ARTICLE{walmswell2012,
   author = {{Walmswell}, J.~J. and {Eldridge}, J.~J.},
    title = "{Circumstellar dust as a solution to the red supergiant supernova progenitor problem}",
  journal = {\mnras},
archivePrefix = "arXiv",
   eprint = {1109.4637},
 primaryClass = "astro-ph.SR",
 keywords = {stars: evolution, supergiants, supernovae: general},
     year = 2012,
    month = jan,
   volume = 419,
    pages = {2054-2062},
      doi = {10.1111/j.1365-2966.2011.19860.x},
   adsurl = {http://adsabs.harvard.edu/abs/2012MNRAS.419.2054W},
  adsnote = {Provided by the SAO/NASA Astrophysics Data System}
}

@ARTICLE{maund2005a,
   author = {{Maund}, J.~R. and {Smartt}, S.~J.},
    title = "{Hubble Space Telescope imaging of the progenitor sites of six nearby core-collapse supernovae}",
  journal = {\mnras},
   eprint = {arXiv:astro-ph/0501323},
 keywords = {supernovae: individual: 1999an, supernovae: individual: 1999br, supernovae: individual: 1999ev, supernovae: individual: 2000ds, supernovae: individual: 2000ew, supernovae: individual: 2001B},
     year = 2005,
    month = jun,
   volume = 360,
    pages = {288-304},
      doi = {10.1111/j.1365-2966.2005.09034.x},
   adsurl = {http://adsabs.harvard.edu/abs/2005MNRAS.360..288M},
  adsnote = {Provided by the SAO/NASA Astrophysics Data System}
}

@ARTICLE{vandyk2012a,
   author = {{Van Dyk}, S.~D. and {Davidge}, T.~J. and {Elias-Rosa}, N. and 
	{Taubenberger}, S. and {Li}, W. and {Levesque}, E.~M. and {Howerton}, S. and 
	{Pignata}, G. and {Morrell}, N. and {Hamuy}, M. and {Filippenko}, A.~V.
	},
    title = "{Supernova 2008bk and Its Red Supergiant Progenitor}",
  journal = {\aj},
 keywords = {galaxies: individual: NGC 7793, stars: evolution, stars: fundamental parameters, stars: late-type, supernovae: general, supernovae: individual: SN 2008bk},
     year = 2012,
    month = jan,
   volume = 143,
      eid = {19},
    pages = {19},
      doi = {10.1088/0004-6256/143/1/19},
   adsurl = {http://adsabs.harvard.edu/abs/2012AJ....143...19V},
  adsnote = {Provided by the SAO/NASA Astrophysics Data System}
}


@ARTICLE{vandyk2012b,
   author = {{Van Dyk}, S.~D. and {Cenko}, S.~B. and {Poznanski}, D. and 
	{Arcavi}, I. and {Gal-Yam}, A. and {Filippenko}, A.~V. and {Silverio}, K. and 
	{Stockton}, A. and {Cuillandre}, J.-C. and {Marcy}, G.~W. and 
	{Howard}, A.~W. and {Isaacson}, H.},
    title = "{The Red Supergiant Progenitor of Supernova 2012aw (PTF12bvh) in Messier 95}",
  journal = {ArXiv e-prints},
archivePrefix = "arXiv",
   eprint = {1207.2811},
 primaryClass = "astro-ph.SR",
 keywords = {Astrophysics - Solar and Stellar Astrophysics, Astrophysics - Cosmology and Extragalactic Astrophysics},
     year = 2012,
    month = jul,
   adsurl = {http://adsabs.harvard.edu/abs/2012arXiv1207.2811V},
  adsnote = {Provided by the SAO/NASA Astrophysics Data System}
}



@ARTICLE{sasaki2012,
   author = {{Sasaki}, M. and {Pietsch}, W. and {Haberl}, F. and {Hatzidimitriou}, D. and 
	{Stiele}, H. and {Williams}, B. and {Kong}, A. and {Kolb}, U.
	},
    title = "{Supernova remnants and candidates detected in the XMM-Newton M31 large survey}",
  journal = {ArXiv e-prints},
archivePrefix = "arXiv",
   eprint = {1206.4789},
 primaryClass = "astro-ph.HE",
 keywords = {Astrophysics - High Energy Astrophysical Phenomena},
     year = 2012,
    month = jun,
   adsurl = {http://adsabs.harvard.edu/abs/2012arXiv1206.4789S},
  adsnote = {Provided by the SAO/NASA Astrophysics Data System}
}

@ARTICLE{maoz2011,
   author = {{Maoz}, D. and {Mannucci}, F.},
    title = "{Type-Ia supernova rates and the progenitor problem, a review}",
  journal = {ArXiv e-prints},
archivePrefix = "arXiv",
   eprint = {1111.4492},
 primaryClass = "astro-ph.CO",
 keywords = {Astrophysics - Cosmology and Extragalactic Astrophysics},
     year = 2011,
    month = nov,
   adsurl = {http://adsabs.harvard.edu/abs/2011arXiv1111.4492M},
  adsnote = {Provided by the SAO/NASA Astrophysics Data System}
}

@ARTICLE{jennings2012,
   author = {{Jennings}, Z.~G. and {Williams}, B.~F. and {Murphy}, J.~W. and 
	{Dalcanton}, J.~J. and {Gilbert}, K.~M. and {Dolphin}, A.~E. and 
	{Fouesneau}, M. and {Weisz}, D.~R.},
    title = "{Supernova Remnant Progenitor Masses in M31}",
  journal = {\apj},
archivePrefix = "arXiv",
   eprint = {1210.6353},
 primaryClass = "astro-ph.GA",
 keywords = {galaxies: individual: M31, supernovae: general},
     year = 2012,
    month = dec,
   volume = 761,
      eid = {26},
    pages = {26},
      doi = {10.1088/0004-637X/761/1/26},
   adsurl = {http://adsabs.harvard.edu/abs/2012ApJ...761...26J},
  adsnote = {Provided by the SAO/NASA Astrophysics Data System}
}

@ARTICLE{barker2011,
   author = {{Barker}, M.~K. and {Ferguson}, A.~M.~N. and {Cole}, A.~A. and 
	{Ibata}, R. and {Irwin}, M. and {Lewis}, G.~F. and {Smecker-Hane}, T.~A. and 
	{Tanvir}, N.~R.},
    title = "{The star formation history in the far outer disc of M33}",
  journal = {\mnras},
archivePrefix = "arXiv",
   eprint = {1008.0760},
 primaryClass = "astro-ph.GA",
 keywords = {galaxies: abundances, galaxies: evolution, galaxies: individual: Messier Number: M33, Local Group, galaxies: spiral, galaxies: stellar content},
     year = 2011,
    month = jan,
   volume = 410,
    pages = {504-516},
      doi = {10.1111/j.1365-2966.2010.17458.x},
   adsurl = {http://adsabs.harvard.edu/abs/2011MNRAS.410..504B},
  adsnote = {Provided by the SAO/NASA Astrophysics Data System}
}

@ARTICLE{dessart2011,
   author = {{Dessart}, L. and {Hillier}, D.~J. and {Livne}, E. and {Yoon}, S.-C. and 
	{Woosley}, S. and {Waldman}, R. and {Langer}, N.},
    title = "{Core-collapse explosions of Wolf-Rayet stars and the connection to Type IIb/Ib/Ic supernovae}",
  journal = {\mnras},
archivePrefix = "arXiv",
   eprint = {1102.5160},
 primaryClass = "astro-ph.SR",
 keywords = {radiative transfer, stars: atmospheres, stars: evolution, supernovae: individual: SN 2008D},
     year = 2011,
    month = jul,
   volume = 414,
    pages = {2985-3005},
      doi = {10.1111/j.1365-2966.2011.18598.x},
   adsurl = {http://adsabs.harvard.edu/abs/2011MNRAS.414.2985D},
  adsnote = {Provided by the SAO/NASA Astrophysics Data System}
}

@ARTICLE{brodie2012,
   author = {{Brodie}, J.~P. and {Usher}, C. and {Conroy}, C. and {Strader}, J. and 
	{Arnold}, J.~A. and {Forbes}, D.~A. and {Romanowsky}, A.~J.},
    title = "{The SLUGGS Survey: NGC 3115, A Critical Test Case for Metallicity Bimodality in Globular Cluster Systems}",
  journal = {\apjl},
archivePrefix = "arXiv",
   eprint = {1209.5390},
 primaryClass = "astro-ph.CO",
 keywords = {galaxies: individual: NGC 3115, galaxies: star clusters: general, globular clusters: general},
     year = 2012,
    month = nov,
   volume = 759,
      eid = {L33},
    pages = {L33},
      doi = {10.1088/2041-8205/759/2/L33},
   adsurl = {http://adsabs.harvard.edu/abs/2012ApJ...759L..33B},
  adsnote = {Provided by the SAO/NASA Astrophysics Data System}
}


@ARTICLE{brodie2006,
   author = {{Brodie}, J.~P. and {Strader}, J.},
    title = "{Extragalactic Globular Clusters and Galaxy Formation}",
  journal = {\araa},
   eprint = {arXiv:astro-ph/0602601},
     year = 2006,
    month = sep,
   volume = 44,
    pages = {193-267},
      doi = {10.1146/annurev.astro.44.051905.092441},
   adsurl = {http://adsabs.harvard.edu/abs/2006ARA%26A..44..193B},
  adsnote = {Provided by the SAO/NASA Astrophysics Data System}
}

@ARTICLE{bertin1996,
   author = {{Bertin}, E. and {Arnouts}, S.},
    title = "{SExtractor: Software for source extraction.}",
  journal = {\aaps},
 keywords = {METHODS: DATA ANALYSIS, TECHNIQUES: IMAGE PROCESSING, GALAXIES: PHOTOMETRY},
     year = 1996,
    month = jun,
   volume = 117,
    pages = {393-404},
   adsurl = {http://adsabs.harvard.edu/abs/1996A%26AS..117..393B},
  adsnote = {Provided by the SAO/NASA Astrophysics Data System}
}

@ARTICLE{harris2009b,
   author = {{Harris}, W.~E.},
    title = "{Globular Cluster Systems in Giant Ellipticals: The Mass/Metallicity Relation}",
  journal = {\apj},
archivePrefix = "arXiv",
   eprint = {0904.4208},
 primaryClass = "astro-ph.CO",
 keywords = {galaxies: elliptical and lenticular, cD, galaxies: star clusters, globular clusters: general},
     year = 2009,
    month = jul,
   volume = 699,
    pages = {254-280},
      doi = {10.1088/0004-637X/699/1/254},
   adsurl = {http://adsabs.harvard.edu/abs/2009ApJ...699..254H},
  adsnote = {Provided by the SAO/NASA Astrophysics Data System}
}

@ARTICLE{schlafly2011,
   author = {{Schlafly}, E.~F. and {Finkbeiner}, D.~P.},
    title = "{Measuring Reddening with Sloan Digital Sky Survey Stellar Spectra and Recalibrating SFD}",
  journal = {\apj},
archivePrefix = "arXiv",
   eprint = {1012.4804},
 primaryClass = "astro-ph.GA",
 keywords = {dust, extinction, Galaxy: stellar content, ISM: clouds},
     year = 2011,
    month = aug,
   volume = 737,
      eid = {103},
    pages = {103},
      doi = {10.1088/0004-637X/737/2/103},
   adsurl = {http://adsabs.harvard.edu/abs/2011ApJ...737..103S},
  adsnote = {Provided by the SAO/NASA Astrophysics Data System}
}


@ARTICLE{jarrett2003,
   author = {{Jarrett}, T.~H. and {Chester}, T. and {Cutri}, R. and {Schneider}, S.~E. and 
	{Huchra}, J.~P.},
    title = "{The 2MASS Large Galaxy Atlas}",
  journal = {\aj},
 keywords = {Atlases, Galaxies: Fundamental Parameters, Galaxies: Photometry, Galaxies: Statistics, Galaxy: Globular Clusters: General, Infrared Radiation, Surveys},
     year = 2003,
    month = feb,
   volume = 125,
    pages = {525-554},
      doi = {10.1086/345794},
   adsurl = {http://adsabs.harvard.edu/abs/2003AJ....125..525J},
  adsnote = {Provided by the SAO/NASA Astrophysics Data System}
}

@ARTICLE{sirianni2005,
   author = {{Sirianni}, M. and {Jee}, M.~J. and {Ben{\'{\i}}tez}, N. and 
	{Blakeslee}, J.~P. and {Martel}, A.~R. and {Meurer}, G. and 
	{Clampin}, M. and {De Marchi}, G. and {Ford}, H.~C. and {Gilliland}, R. and 
	{Hartig}, G.~F. and {Illingworth}, G.~D. and {Mack}, J. and 
	{McCann}, W.~J.},
    title = "{The Photometric Performance and Calibration of the Hubble Space Telescope Advanced Camera for Surveys}",
  journal = {\pasp},
   eprint = {arXiv:astro-ph/0507614},
 keywords = {Instrumentation: Detectors, Instrumentation: Photometers, Techniques: Photometric, Methods: Data Analysis},
     year = 2005,
    month = oct,
   volume = 117,
    pages = {1049-1112},
      doi = {10.1086/444553},
   adsurl = {http://adsabs.harvard.edu/abs/2005PASP..117.1049S},
  adsnote = {Provided by the SAO/NASA Astrophysics Data System}
}

@ARTICLE{peng2006,
   author = {{Peng}, E.~W. and {Jord{\'a}n}, A. and {C{\^o}t{\'e}}, P. and 
	{Blakeslee}, J.~P. and {Ferrarese}, L. and {Mei}, S. and {West}, M.~J. and 
	{Merritt}, D. and {Milosavljevi{\'c}}, M. and {Tonry}, J.~L.
	},
    title = "{The ACS Virgo Cluster Survey. IX. The Color Distributions of Globular Cluster Systems in Early-Type Galaxies}",
  journal = {\apj},
   eprint = {arXiv:astro-ph/0509654},
 keywords = {Galaxies: Elliptical and Lenticular, cD, Galaxies: Evolution, Galaxies: Star Clusters, Galaxy: Globular Clusters: General},
     year = 2006,
    month = mar,
   volume = 639,
    pages = {95-119},
      doi = {10.1086/498210},
   adsurl = {http://adsabs.harvard.edu/abs/2006ApJ...639...95P},
  adsnote = {Provided by the SAO/NASA Astrophysics Data System}
}

@ARTICLE{strader2012,
   author = {{Strader}, J. and {Fabbiano}, G. and {Luo}, B. and {Kim}, D.-W. and 
	{Brodie}, J.~P. and {Fragos}, T. and {Gallagher}, J.~S. and 
	{Kalogera}, V. and {King}, A. and {Zezas}, A.},
    title = "{Deep Chandra Monitoring Observations of NGC 4649. II. Wide-field Hubble Space Telescope Imaging of the Globular Clusters}",
  journal = {\apj},
archivePrefix = "arXiv",
   eprint = {1210.3621},
 primaryClass = "astro-ph.CO",
 keywords = {galaxies: individual: NGC 4649, galaxies: star clusters: general, globular clusters: general},
     year = 2012,
    month = nov,
   volume = 760,
      eid = {87},
    pages = {87},
      doi = {10.1088/0004-637X/760/1/87},
   adsurl = {http://adsabs.harvard.edu/abs/2012ApJ...760...87S},
  adsnote = {Provided by the SAO/NASA Astrophysics Data System}
}

@ARTICLE{brodie2011,
   author = {{Brodie}, J.~P. and {Romanowsky}, A.~J. and {Strader}, J. and 
	{Forbes}, D.~A.},
    title = "{The Relationships among Compact Stellar Systems: A Fresh View of Ultracompact Dwarfs}",
  journal = {\aj},
archivePrefix = "arXiv",
   eprint = {1109.5696},
 primaryClass = "astro-ph.CO",
 keywords = {galaxies: dwarf, galaxies: individual: M87, galaxies: nuclei, galaxies: star clusters: general, galaxies: structure, globular clusters: general},
     year = 2011,
    month = dec,
   volume = 142,
      eid = {199},
    pages = {199},
      doi = {10.1088/0004-6256/142/6/199},
   adsurl = {http://adsabs.harvard.edu/abs/2011AJ....142..199B},
  adsnote = {Provided by the SAO/NASA Astrophysics Data System}
}

@ARTICLE{tonry2001,
   author = {{Tonry}, J.~L. and {Dressler}, A. and {Blakeslee}, J.~P. and 
	{Ajhar}, E.~A. and {Fletcher}, A.~B. and {Luppino}, G.~A. and 
	{Metzger}, M.~R. and {Moore}, C.~B.},
    title = "{The SBF Survey of Galaxy Distances. IV. SBF Magnitudes, Colors, and Distances}",
  journal = {\apj},
   eprint = {arXiv:astro-ph/0011223},
 keywords = {Cosmology: Distance Scale, galaxies: clusters: individual (Virgo, Centaurus), Galaxies: Distances and Redshifts, Cosmology: Large-Scale Structure of Universe},
     year = 2001,
    month = jan,
   volume = 546,
    pages = {681-693},
      doi = {10.1086/318301},
   adsurl = {http://adsabs.harvard.edu/abs/2001ApJ...546..681T},
  adsnote = {Provided by the SAO/NASA Astrophysics Data System}
}

@ARTICLE{jordan2009,
   author = {{Jord{\'a}n}, A. and {Peng}, E.~W. and {Blakeslee}, J.~P. and 
	{C{\^o}t{\'e}}, P. and {Eyheramendy}, S. and {Ferrarese}, L. and 
	{Mei}, S. and {Tonry}, J.~L. and {West}, M.~J.},
    title = "{The ACS Virgo Cluster Survey XVI. Selection Procedure and Catalogs of Globular Cluster Candidates}",
  journal = {\apjs},
 keywords = {catalogs, galaxies: elliptical and lenticular, cD, galaxies: star clusters, globular clusters: general, methods: statistical},
     year = 2009,
    month = jan,
   volume = 180,
    pages = {54-66},
      doi = {10.1088/0067-0049/180/1/54},
   adsurl = {http://adsabs.harvard.edu/abs/2009ApJS..180...54J},
  adsnote = {Provided by the SAO/NASA Astrophysics Data System}
}

@ARTICLE{arnold2011,
   author = {{Arnold}, J.~A. and {Romanowsky}, A.~J. and {Brodie}, J.~P. and 
	{Chomiuk}, L. and {Spitler}, L.~R. and {Strader}, J. and {Benson}, A.~J. and 
	{Forbes}, D.~A.},
    title = "{The Fossil Record of Two-phase Galaxy Assembly: Kinematics and Metallicities in the Nearest S0 Galaxy}",
  journal = {\apjl},
archivePrefix = "arXiv",
   eprint = {1106.0745},
 primaryClass = "astro-ph.CO",
 keywords = {galaxies: bulges, galaxies: formation, galaxies: halos, galaxies: individual: NGC 3115, galaxies: kinematics and dynamics, globular clusters: general},
     year = 2011,
    month = aug,
   volume = 736,
      eid = {L26},
    pages = {L26},
      doi = {10.1088/2041-8205/736/2/L26},
   adsurl = {http://adsabs.harvard.edu/abs/2011ApJ...736L..26A},
  adsnote = {Provided by the SAO/NASA Astrophysics Data System}
}

@ARTICLE{spitler2006,
   author = {{Spitler}, L.~R. and {Larsen}, S.~S. and {Strader}, J. and {Brodie}, J.~P. and 
	{Forbes}, D.~A. and {Beasley}, M.~A.},
    title = "{Hubble Space Telescope ACS Wide-Field Photometry of the Sombrero Galaxy Globular Cluster System}",
  journal = {\aj},
   eprint = {arXiv:astro-ph/0606337},
 keywords = {Galaxies: Individual: Messier Number: M104, Galaxies: Individual: NGC Number: NGC 4594, Galaxies: Spiral, Galaxies: Star Clusters},
     year = 2006,
    month = oct,
   volume = 132,
    pages = {1593-1609},
      doi = {10.1086/507328},
   adsurl = {http://adsabs.harvard.edu/abs/2006AJ....132.1593S},
  adsnote = {Provided by the SAO/NASA Astrophysics Data System}
}

@ARTICLE{gomez2007,
   author = {{G{\'o}mez}, M. and {Woodley}, K.~A.},
    title = "{Sizes of Confirmed Globular Clusters in NGC 5128: A Wide-Field High-Resolution Study}",
  journal = {\apjl},
archivePrefix = "arXiv",
   eprint = {0710.1778},
 keywords = {Galaxies: Elliptical and Lenticular, cD, Galaxies: Individual: NGC Number: NGC 5128, Galaxies: Star Clusters, Galaxy: Globular Clusters: General},
     year = 2007,
    month = dec,
   volume = 670,
    pages = {L105-L108},
      doi = {10.1086/524223},
   adsurl = {http://adsabs.harvard.edu/abs/2007ApJ...670L.105G},
  adsnote = {Provided by the SAO/NASA Astrophysics Data System}
}

@ARTICLE{harris2010,
   author = {{Harris}, W.~E. and {Spitler}, L.~R. and {Forbes}, D.~A. and 
	{Bailin}, J.},
    title = "{Diamonds on the Hat: globular clusters in the Sombrero galaxy (M104)}",
  journal = {\mnras},
archivePrefix = "arXiv",
   eprint = {0909.4805},
 primaryClass = "astro-ph.GA",
 keywords = {globular clusters: general, galaxies: individual (M104), galaxies: star clusters},
     year = 2010,
    month = jan,
   volume = 401,
    pages = {1965-1982},
      doi = {10.1111/j.1365-2966.2009.15783.x},
   adsurl = {http://adsabs.harvard.edu/abs/2010MNRAS.401.1965H},
  adsnote = {Provided by the SAO/NASA Astrophysics Data System}
}

@ARTICLE{paolillo2011,
   author = {{Paolillo}, M. and {Puzia}, T.~H. and {Goudfrooij}, P. and {Zepf}, S.~E. and 
	{Maccarone}, T.~J. and {Kundu}, A. and {Fabbiano}, G. and {Angelini}, L.
	},
    title = "{Probing the GC-LMXB Connection in NGC 1399: A Wide-field Study with the Hubble Space Telescope and Chandra}",
  journal = {\apj},
archivePrefix = "arXiv",
   eprint = {1105.2561},
 primaryClass = "astro-ph.HE",
 keywords = {galaxies: elliptical and lenticular, cD, galaxies: individual: NGC 1399, galaxies: star clusters: general, X-rays: binaries, X-rays: galaxies, X-rays: individual: NGC 1399},
     year = 2011,
    month = aug,
   volume = 736,
      eid = {90},
    pages = {90},
      doi = {10.1088/0004-637X/736/2/90},
   adsurl = {http://adsabs.harvard.edu/abs/2011ApJ...736...90P},
  adsnote = {Provided by the SAO/NASA Astrophysics Data System}
}

@ARTICLE{peng2006,
   author = {{Peng}, E.~W. and {Jord{\'a}n}, A. and {C{\^o}t{\'e}}, P. and 
	{Blakeslee}, J.~P. and {Ferrarese}, L. and {Mei}, S. and {West}, M.~J. and 
	{Merritt}, D. and {Milosavljevi{\'c}}, M. and {Tonry}, J.~L.
	},
    title = "{The ACS Virgo Cluster Survey. IX. The Color Distributions of Globular Cluster Systems in Early-Type Galaxies}",
  journal = {\apj},
   eprint = {arXiv:astro-ph/0509654},
 keywords = {Galaxies: Elliptical and Lenticular, cD, Galaxies: Evolution, Galaxies: Star Clusters, Galaxy: Globular Clusters: General},
     year = 2006,
    month = mar,
   volume = 639,
    pages = {95-119},
      doi = {10.1086/498210},
   adsurl = {http://adsabs.harvard.edu/abs/2006ApJ...639...95P},
  adsnote = {Provided by the SAO/NASA Astrophysics Data System}
}

@ARTICLE{fabianno2006,
   author = {{Fabbiano}, G.},
    title = "{Populations of X-Ray Sources in Galaxies}",
  journal = {\araa},
   eprint = {arXiv:astro-ph/0511481},
     year = 2006,
    month = sep,
   volume = 44,
    pages = {323-366},
      doi = {10.1146/annurev.astro.44.051905.092519},
   adsurl = {http://adsabs.harvard.edu/abs/2006ARA%26A..44..323F},
  adsnote = {Provided by the SAO/NASA Astrophysics Data System}
}

@ARTICLE{brodie2006,
   author = {{Brodie}, J.~P. and {Strader}, J.},
    title = "{Extragalactic Globular Clusters and Galaxy Formation}",
  journal = {\araa},
   eprint = {arXiv:astro-ph/0602601},
     year = 2006,
    month = sep,
   volume = 44,
    pages = {193-267},
      doi = {10.1146/annurev.astro.44.051905.092441},
   adsurl = {http://adsabs.harvard.edu/abs/2006ARA%26A..44..193B},
  adsnote = {Provided by the SAO/NASA Astrophysics Data System}
}

@ARTICLE{zepf1993,
   author = {{Zepf}, S.~E. and {Ashman}, K.~M.},
    title = "{Globular Cluster Systems Formed in Galaxy Mergers}",
  journal = {\mnras},
     year = 1993,
    month = oct,
   volume = 264,
    pages = {611},
   adsurl = {http://adsabs.harvard.edu/abs/1993MNRAS.264..611Z},
  adsnote = {Provided by the SAO/NASA Astrophysics Data System}
}

@ARTICLE{ostrov1993,
   author = {{Ostrov}, P. and {Geisler}, D. and {Forte}, J.~C.},
    title = "{The metallicity gradient and distribution function of globular clusters around NGC 1399}",
  journal = {\aj},
 keywords = {Astronomical Photometry, Color-Magnitude Diagram, Distribution Functions, Globular Clusters, Metallicity, Charge Coupled Devices, Elliptical Galaxies, Pixels},
     year = 1993,
    month = may,
   volume = 105,
    pages = {1762-1778},
      doi = {10.1086/116553},
   adsurl = {http://adsabs.harvard.edu/abs/1993AJ....105.1762O},
  adsnote = {Provided by the SAO/NASA Astrophysics Data System}
}

@ARTICLE{strader2007,
   author = {{Strader}, J. and {Beasley}, M.~A. and {Brodie}, J.~P.},
    title = "{Globular Cluster Metallicity Subpopulations in NGC 4472}",
  journal = {\aj},
   eprint = {astro-ph/0701428},
 keywords = {galaxies: formation, galaxies: star clusters, globular clusters: general},
     year = 2007,
    month = may,
   volume = 133,
    pages = {2015-2019},
      doi = {10.1086/512770},
   adsurl = {http://adsabs.harvard.edu/abs/2007AJ....133.2015S},
  adsnote = {Provided by the SAO/NASA Astrophysics Data System}
}

@ARTICLE{beasley2008,
   author = {{Beasley}, M.~A. and {Bridges}, T. and {Peng}, E. and {Harris}, W.~E. and 
	{Harris}, G.~L.~H. and {Forbes}, D.~A. and {Mackie}, G.},
    title = "{A 2dF spectroscopic study of globular clusters in NGC 5128: probing the formation history of the nearest giant elliptical}",
  journal = {\mnras},
archivePrefix = "arXiv",
   eprint = {0803.1066},
 keywords = {galaxies: individual: NGC 5128 , galaxies: star clusters},
     year = 2008,
    month = may,
   volume = 386,
    pages = {1443-1463},
      doi = {10.1111/j.1365-2966.2008.13123.x},
   adsurl = {http://adsabs.harvard.edu/abs/2008MNRAS.386.1443B},
  adsnote = {Provided by the SAO/NASA Astrophysics Data System}
}

@ARTICLE{alves-brito2011,
   author = {{Alves-Brito}, A. and {Hau}, G.~K.~T. and {Forbes}, D.~A. and 
	{Spitler}, L.~R. and {Strader}, J. and {Brodie}, J.~P. and {Rhode}, K.~L.
	},
    title = "{Spectra of globular clusters in the Sombrero galaxy: evidence for spectroscopic metallicity bimodality}",
  journal = {\mnras},
archivePrefix = "arXiv",
   eprint = {1107.0757},
 primaryClass = "astro-ph.CO",
 keywords = {globular clusters: general, galaxies: individual: Sombrero (M104, NGC 4594), galaxies: star clusters: general},
     year = 2011,
    month = nov,
   volume = 417,
    pages = {1823-1838},
      doi = {10.1111/j.1365-2966.2011.19368.x},
   adsurl = {http://adsabs.harvard.edu/abs/2011MNRAS.417.1823A},
  adsnote = {Provided by the SAO/NASA Astrophysics Data System}
}

@ARTICLE{usher2012,
   author = {{Usher}, C. and {Forbes}, D.~A. and {Brodie}, J.~P. and {Foster}, C. and 
	{Spitler}, L.~R. and {Arnold}, J.~A. and {Romanowsky}, A.~J. and 
	{Strader}, J. and {Pota}, V.},
    title = "{The SLUGGS survey: calcium triplet-based spectroscopic metallicities for over 900 globular clusters}",
  journal = {\mnras},
archivePrefix = "arXiv",
   eprint = {1207.6402},
 primaryClass = "astro-ph.CO",
 keywords = {globular clusters: general, galaxies: abundances, galaxies: star clusters: general, galaxies: stellar content},
     year = 2012,
    month = oct,
   volume = 426,
    pages = {1475-1495},
      doi = {10.1111/j.1365-2966.2012.21801.x},
   adsurl = {http://adsabs.harvard.edu/abs/2012MNRAS.426.1475U},
  adsnote = {Provided by the SAO/NASA Astrophysics Data System}
}

@ARTICLE{fabbiano2006,
   author = {{Fabbiano}, G.},
    title = "{Populations of X-Ray Sources in Galaxies}",
  journal = {\araa},
   eprint = {astro-ph/0511481},
     year = 2006,
    month = sep,
   volume = 44,
    pages = {323-366},
      doi = {10.1146/annurev.astro.44.051905.092519},
   adsurl = {http://adsabs.harvard.edu/abs/2006ARA%26A..44..323F},
  adsnote = {Provided by the SAO/NASA Astrophysics Data System}
}

@ARTICLE{sivakoff2007,
   author = {{Sivakoff}, G.~R. and {Jord{\'a}n}, A. and {Sarazin}, C.~L. and 
	{Blakeslee}, J.~P. and {C{\^o}t{\'e}}, P. and {Ferrarese}, L. and 
	{Juett}, A.~M. and {Mei}, S. and {Peng}, E.~W.},
    title = "{The Low-Mass X-Ray Binary and Globular Cluster Connection in Virgo Cluster Early-Type Galaxies: Optical Properties}",
  journal = {\apj},
   eprint = {astro-ph/0611237},
 keywords = {Stars: Binaries: Close, Galaxies: Elliptical and Lenticular, cD, Galaxies: Star Clusters, Galaxy: Globular Clusters: General, X-Rays: Binaries, X-Rays: Galaxies},
     year = 2007,
    month = may,
   volume = 660,
    pages = {1246-1263},
      doi = {10.1086/513094},
   adsurl = {http://adsabs.harvard.edu/abs/2007ApJ...660.1246S},
  adsnote = {Provided by the SAO/NASA Astrophysics Data System}
}

@ARTICLE{kundu2007,
   author = {{Kundu}, A. and {Maccarone}, T.~J. and {Zepf}, S.~E.},
    title = "{Probing the Formation of Low-Mass X-Ray Binaries in Globular Clusters and the Field}",
  journal = {\apj},
   eprint = {astro-ph/0703092},
 keywords = {Galaxies: General, Galaxies: Star Clusters, Galaxy: Globular Clusters: General, X-Rays: Binaries, X-Rays: Galaxies},
     year = 2007,
    month = jun,
   volume = 662,
    pages = {525-543},
      doi = {10.1086/518021},
   adsurl = {http://adsabs.harvard.edu/abs/2007ApJ...662..525K},
  adsnote = {Provided by the SAO/NASA Astrophysics Data System}
}

@ARTICLE{larsen2003,
   author = {{Larsen}, S.~S. and {Brodie}, J.~P.},
    title = "{On the Size Difference between Red and Blue Globular Clusters}",
  journal = {\apj},
   eprint = {astro-ph/0304434},
 keywords = {Galaxies: Elliptical and Lenticular, cD, Galaxies: Star Clusters, Galaxy: Globular Clusters: General},
     year = 2003,
    month = aug,
   volume = 593,
    pages = {340-351},
      doi = {10.1086/376503},
   adsurl = {http://adsabs.harvard.edu/abs/2003ApJ...593..340L},
  adsnote = {Provided by the SAO/NASA Astrophysics Data System}
}

@ARTICLE{jordan2004a,
   author = {{Jord{\'a}n}, A.},
    title = "{A Possible Explanation for the Size Difference of Red and Blue Globular Clusters}",
  journal = {\apjl},
   eprint = {astro-ph/0408313},
 keywords = {Galaxies: Elliptical and Lenticular, cD, Galaxies: Star Clusters, Galaxy: Globular Clusters: General},
     year = 2004,
    month = oct,
   volume = 613,
    pages = {L117-L120},
      doi = {10.1086/425147},
   adsurl = {http://adsabs.harvard.edu/abs/2004ApJ...613L.117J},
  adsnote = {Provided by the SAO/NASA Astrophysics Data System}
}

@ARTICLE{jordan2005,
   author = {{Jord{\'a}n}, A. and {C{\^o}t{\'e}}, P. and {Blakeslee}, J.~P. and 
	{Ferrarese}, L. and {McLaughlin}, D.~E. and {Mei}, S. and {Peng}, E.~W. and 
	{Tonry}, J.~L. and {Merritt}, D. and {Milosavljevi{\'c}}, M. and 
	{Sarazin}, C.~L. and {Sivakoff}, G.~R. and {West}, M.~J.},
    title = "{The ACS Virgo Cluster Survey. X. Half-Light Radii of Globular Clusters in Early-Type Galaxies: Environmental Dependencies and a Standard Ruler for Distance Estimation}",
  journal = {\apj},
   eprint = {astro-ph/0508219},
 keywords = {Galaxies: Elliptical and Lenticular, cD, Galaxies: Star Clusters, Galaxy: Globular Clusters: General},
     year = 2005,
    month = dec,
   volume = 634,
    pages = {1002-1019},
      doi = {10.1086/497092},
   adsurl = {http://adsabs.harvard.edu/abs/2005ApJ...634.1002J},
  adsnote = {Provided by the SAO/NASA Astrophysics Data System}
}

@ARTICLE{forbes2006,
   author = {{Forbes}, D.~A. and {S{\'a}nchez-Bl{\'a}zquez}, P. and {Phan}, A.~T.~T. and 
	{Brodie}, J.~P. and {Strader}, J. and {Spitler}, L.},
    title = "{An imaging study of the globular cluster systems of NGC 1407 and 1400}",
  journal = {\mnras},
   eprint = {astro-ph/0510599},
 keywords = {galaxies: evolution, galaxies: general, galaxies: individual: M104, galaxies: star clusters},
     year = 2006,
    month = mar,
   volume = 366,
    pages = {1230-1242},
      doi = {10.1111/j.1365-2966.2006.09763.x},
   adsurl = {http://adsabs.harvard.edu/abs/2006MNRAS.366.1230F},
  adsnote = {Provided by the SAO/NASA Astrophysics Data System}
}

@ARTICLE{nantais2011,
   author = {{Nantais}, J.~B. and {Huchra}, J.~P. and {Zezas}, A. and {Gazeas}, K. and 
	{Strader}, J.},
    title = "{Hubble Space Telescope Photometry of Globular Clusters in M81}",
  journal = {\aj},
archivePrefix = "arXiv",
   eprint = {1108.1837},
 primaryClass = "astro-ph.CO",
 keywords = {galaxies: individual: M81, galaxies: spiral, galaxies: star clusters: general, galaxies: stellar content},
     year = 2011,
    month = dec,
   volume = 142,
      eid = {183},
    pages = {183},
      doi = {10.1088/0004-6256/142/6/183},
   adsurl = {http://adsabs.harvard.edu/abs/2011AJ....142..183N},
  adsnote = {Provided by the SAO/NASA Astrophysics Data System}
}

@ARTICLE{blom2012,
   author = {{Blom}, C. and {Spitler}, L.~R. and {Forbes}, D.~A.},
    title = "{Wide-field imaging of NGC 4365's globular cluster system: the third subpopulation revisited}",
  journal = {\mnras},
archivePrefix = "arXiv",
   eprint = {1110.1378},
 primaryClass = "astro-ph.CO",
 keywords = {galaxies: elliptical and lenticular, cD, galaxies: evolution, galaxies: formation, galaxies: individual: NGC 4365, galaxies: photometry, galaxies: star clusters: general},
     year = 2012,
    month = feb,
   volume = 420,
    pages = {37-60},
      doi = {10.1111/j.1365-2966.2011.19963.x},
   adsurl = {http://adsabs.harvard.edu/abs/2012MNRAS.420...37B},
  adsnote = {Provided by the SAO/NASA Astrophysics Data System}
}

@ARTICLE{usher2013,
   author = {{Usher}, C. and {Forbes}, D.~A. and {Spitler}, L.~R. and {Brodie}, J.~P. and 
	{Romanowsky}, A.~J. and {Strader}, J. and {Woodley}, K.~A.},
    title = "{The SLUGGS Survey: wide field imaging of the globular cluster system of NGC 4278}",
  journal = {\mnras},
archivePrefix = "arXiv",
   eprint = {1308.6585},
 primaryClass = "astro-ph.CO",
 keywords = {Globular cluster: general, galaxies: individual: NGC 4278, galaxies: star clusters: general},
     year = 2013,
    month = dec,
   volume = 436,
    pages = {1172-1190},
      doi = {10.1093/mnras/stt1637},
   adsurl = {http://adsabs.harvard.edu/abs/2013MNRAS.436.1172U},
  adsnote = {Provided by the SAO/NASA Astrophysics Data System}
}

@ARTICLE{cantiello2007,
   author = {{Cantiello}, M. and {Blakeslee}, J.~P. and {Raimondo}, G.},
    title = "{The Globular Cluster System in NGC 5866: Optical Observations from Hubble Space Telescope Advanced Camera for Surveys}",
  journal = {\apj},
archivePrefix = "arXiv",
   eprint = {0706.3943},
 keywords = {Galaxies: Distances and Redshifts, galaxies: individual (NGC 5866), Galaxy: Globular Clusters: General},
     year = 2007,
    month = oct,
   volume = 668,
    pages = {209-220},
      doi = {10.1086/521218},
   adsurl = {http://adsabs.harvard.edu/abs/2007ApJ...668..209C},
  adsnote = {Provided by the SAO/NASA Astrophysics Data System}
}

@ARTICLE{forbes2010,
   author = {{Forbes}, D.~A. and {Spitler}, L.~R. and {Harris}, W.~E. and 
	{Bailin}, J. and {Strader}, J. and {Brodie}, J.~P. and {Larsen}, S.~S.
	},
    title = "{A blue tilt in the globular cluster system of the Milky Way-like galaxy NGC 5170}",
  journal = {\mnras},
archivePrefix = "arXiv",
   eprint = {0911.4743},
 primaryClass = "astro-ph.CO",
 keywords = {globular clusters: general, galaxies: individual: NGC 5170, galaxies: star clusters},
     year = 2010,
    month = mar,
   volume = 403,
    pages = {429-438},
      doi = {10.1111/j.1365-2966.2009.16130.x},
   adsurl = {http://adsabs.harvard.edu/abs/2010MNRAS.403..429F},
  adsnote = {Provided by the SAO/NASA Astrophysics Data System}
}

@ARTICLE{mei2007,
   author = {{Mei}, S. and {Blakeslee}, J.~P. and {C{\^o}t{\'e}}, P. and 
	{Tonry}, J.~L. and {West}, M.~J. and {Ferrarese}, L. and {Jord{\'a}n}, A. and 
	{Peng}, E.~W. and {Anthony}, A. and {Merritt}, D.},
    title = "{The ACS Virgo Cluster Survey. XIII. SBF Distance Catalog and the Three-dimensional Structure of the Virgo Cluster}",
  journal = {\apj},
   eprint = {astro-ph/0702510},
 keywords = {Galaxies: Clusters: Individual: Name: Virgo, Galaxies: Distances and Redshifts, Galaxies: Dwarf, Galaxies: Elliptical and Lenticular, cD},
     year = 2007,
    month = jan,
   volume = 655,
    pages = {144-162},
      doi = {10.1086/509598},
   adsurl = {http://adsabs.harvard.edu/abs/2007ApJ...655..144M},
  adsnote = {Provided by the SAO/NASA Astrophysics Data System}
}

@ARTICLE{elson1997,
   author = {{Elson}, R.~A.~W.},
    title = "{Red giants in the halo of the S0 galaxy NGC 3115: a distance and a bimodal metallicity distribution}",
  journal = {\mnras},
   eprint = {astro-ph/9612037},
 keywords = {GALAXIES: ABUNDANCES, GALAXIES: DISTANCES AND REDSHIFTS, GALAXIES: INDIVIDUAL: NGC 3115, GALAXIES: STELLAR CONTENT},
     year = 1997,
    month = apr,
   volume = 286,
    pages = {771-776},
   adsurl = {http://adsabs.harvard.edu/abs/1997MNRAS.286..771E},
  adsnote = {Provided by the SAO/NASA Astrophysics Data System}
}

@ARTICLE{kundu1998,
   author = {{Kundu}, A. and {Whitmore}, B.~C.},
    title = "{Wide Field Planetary Camera 2 Imaging of the Globular Cluster System of the S0 Galaxy NGC 3115}",
  journal = {\aj},
 keywords = {GALAXIES: ABUNDANCES, GALAXIES: INDIVIDUAL: NGC NUMBER: NGC 3115, GALAXIES: STAR CLUSTERS, GALAXIES: STELLAR CONTENT, GALAXY: GLOBULAR CLUSTERS: GENERAL},
     year = 1998,
    month = dec,
   volume = 116,
    pages = {2841-2853},
      doi = {10.1086/300643},
   adsurl = {http://adsabs.harvard.edu/abs/1998AJ....116.2841K},
  adsnote = {Provided by the SAO/NASA Astrophysics Data System}
}


@ARTICLE{puzia2002,
   author = {{Puzia}, T.~H. and {Zepf}, S.~E. and {Kissler-Patig}, M. and 
	{Hilker}, M. and {Minniti}, D. and {Goudfrooij}, P.},
    title = "{Extragalactic globular clusters in the near-infrared. II. The globular clusters systems of NGC 3115 and NGC 4365}",
  journal = {\aap},
   eprint = {astro-ph/0206147},
 keywords = {galaxies: formation, galaxies: star clusters, galaxies: individual: NGC 3115, NGC 4365},
     year = 2002,
    month = aug,
   volume = 391,
    pages = {453-470},
      doi = {10.1051/0004-6361:20020835},
   adsurl = {http://adsabs.harvard.edu/abs/2002A%26A...391..453P},
  adsnote = {Provided by the SAO/NASA Astrophysics Data System}
}

@ARTICLE{kuntschner2002,
   author = {{Kuntschner}, H. and {Ziegler}, B.~L. and {Sharples}, R.~M. and 
	{Worthey}, G. and {Fricke}, K.~J.},
    title = "{VLT spectroscopy of NGC 3115 globular clusters}",
  journal = {\aap},
   eprint = {astro-ph/0209129},
 keywords = {galaxies: abundances, galaxies: individual: NGC 3115, galaxies: star clusters, galaxies: stellar content, globular clusters: general},
     year = 2002,
    month = dec,
   volume = 395,
    pages = {761-777},
      doi = {10.1051/0004-6361:20021325},
   adsurl = {http://adsabs.harvard.edu/abs/2002A%26A...395..761K},
  adsnote = {Provided by the SAO/NASA Astrophysics Data System}
}

@ARTICLE{norris2006,
   author = {{Norris}, M.~A. and {Sharples}, R.~M. and {Kuntschner}, H.},
    title = "{GMOS spectroscopy of the S0 galaxy NGC 3115}",
  journal = {\mnras},
   eprint = {astro-ph/0601221},
 keywords = {galaxies: abundances, galaxies: general, globular clusters: general, galaxies: stellar content, galaxies: individual: NGC 3115},
     year = 2006,
    month = apr,
   volume = 367,
    pages = {815-824},
      doi = {10.1111/j.1365-2966.2005.09992.x},
   adsurl = {http://adsabs.harvard.edu/abs/2006MNRAS.367..815N},
  adsnote = {Provided by the SAO/NASA Astrophysics Data System}
}

@ARTICLE{capaccioli1987,
   author = {{Capaccioli}, M. and {Held}, E.~V. and {Nieto}, J.-L.},
    title = "{Two-dimensional photographic and CCD photometry of the S0 galaxy NGC 3115}",
  journal = {\aj},
 keywords = {Astronomical Maps, Astronomical Photography, Astronomical Photometry, Charge Coupled Devices, Galactic Structure, Data Reduction, Disk Galaxies, Elliptical Galaxies},
     year = 1987,
    month = dec,
   volume = 94,
    pages = {1519-1537},
      doi = {10.1086/114585},
   adsurl = {http://adsabs.harvard.edu/abs/1987AJ.....94.1519C},
  adsnote = {Provided by the SAO/NASA Astrophysics Data System}
}

@ARTICLE{pota2013,
   author = {{Pota}, V. and {Forbes}, D.~A. and {Romanowsky}, A.~J. and {Brodie}, J.~P. and 
	{Spitler}, L.~R. and {Strader}, J. and {Foster}, C. and {Arnold}, J.~A. and 
	{Benson}, A. and {Blom}, C. and {Hargis}, J.~R. and {Rhode}, K.~L. and 
	{Usher}, C.},
    title = "{The SLUGGS Survey: kinematics for over 2500 globular clusters in 12 early-type galaxies}",
  journal = {\mnras},
archivePrefix = "arXiv",
   eprint = {1209.4351},
 primaryClass = "astro-ph.CO",
 keywords = {globular clusters: general, galaxies: evolution, galaxies: kinematics and dynamics, galaxies: star clusters: general},
     year = 2013,
    month = jan,
   volume = 428,
    pages = {389-420},
      doi = {10.1093/mnras/sts029},
   adsurl = {http://adsabs.harvard.edu/abs/2013MNRAS.428..389P},
  adsnote = {Provided by the SAO/NASA Astrophysics Data System}
}

@ARTICLE{miyazaki2002,
   author = {{Miyazaki}, S. and {Komiyama}, Y. and {Sekiguchi}, M. and {Okamura}, S. and 
	{Doi}, M. and {Furusawa}, H. and {Hamabe}, M. and {Imi}, K. and 
	{Kimura}, M. and {Nakata}, F. and {Okada}, N. and {Ouchi}, M. and 
	{Shimasaku}, K. and {Yagi}, M. and {Yasuda}, N.},
    title = "{Subaru Prime Focus Camera -- Suprime-Cam}",
  journal = {\pasj},
   eprint = {astro-ph/0211006},
 keywords = {instrumentation: detectors, techniques: image processing, telescopes},
     year = 2002,
    month = dec,
   volume = 54,
    pages = {833-853},
   adsurl = {http://adsabs.harvard.edu/abs/2002PASJ...54..833M},
  adsnote = {Provided by the SAO/NASA Astrophysics Data System}
}

@ARTICLE{jordan2007b,
   author = {{Jord{\'a}n}, A. and {McLaughlin}, D.~E. and {C{\^o}t{\'e}}, P. and 
	{Ferrarese}, L. and {Peng}, E.~W. and {Mei}, S. and {Villegas}, D. and 
	{Merritt}, D. and {Tonry}, J.~L. and {West}, M.~J.},
    title = "{The ACS Virgo Cluster Survey. XII. The Luminosity Function of Globular Clusters in Early-Type Galaxies}",
  journal = {\apjs},
   eprint = {astro-ph/0702496},
 keywords = {Galaxies: Elliptical and Lenticular, cD, Galaxies: Star Clusters, Galaxy: Globular Clusters: General},
     year = 2007,
    month = jul,
   volume = 171,
    pages = {101-145},
      doi = {10.1086/516840},
   adsurl = {http://adsabs.harvard.edu/abs/2007ApJS..171..101J},
  adsnote = {Provided by the SAO/NASA Astrophysics Data System}
}

@ARTICLE{larsen1999,
   author = {{Larsen}, S.~S.},
    title = "{Young massive star clusters in nearby galaxies. II. Software tools, data reductions and cluster sizes}",
  journal = {\aaps},
   eprint = {astro-ph/9907163},
 keywords = {PHOTOMETRY, SPIRAL, STAR CLUSTERS, TECHNIQUES: IMAGE PROCESSING},
     year = 1999,
    month = oct,
   volume = 139,
    pages = {393-415},
      doi = {10.1051/aas:1999509},
   adsurl = {http://adsabs.harvard.edu/abs/1999A%26AS..139..393L},
  adsnote = {Provided by the SAO/NASA Astrophysics Data System}
}

@ARTICLE{muratov2010,
   author = {{Muratov}, A.~L. and {Gnedin}, O.~Y.},
    title = "{Modeling the Metallicity Distribution of Globular Clusters}",
  journal = {\apj},
archivePrefix = "arXiv",
   eprint = {1002.1325},
 primaryClass = "astro-ph.GA",
 keywords = {galaxies: formation, galaxies: star clusters: general, globular clusters: general},
     year = 2010,
    month = aug,
   volume = 718,
    pages = {1266-1288},
      doi = {10.1088/0004-637X/718/2/1266},
   adsurl = {http://adsabs.harvard.edu/abs/2010ApJ...718.1266M},
  adsnote = {Provided by the SAO/NASA Astrophysics Data System}
}

@ARTICLE{strader2006,
   author = {{Strader}, J. and {Brodie}, J.~P. and {Spitler}, L. and {Beasley}, M.~A.
	},
    title = "{Globular Clusters in Virgo Ellipticals: Unexpected Results for Giants and Dwarfs from Advanced Camera for Surveys Imaging}",
  journal = {\aj},
   eprint = {astro-ph/0508001},
 keywords = {Galaxies: Formation, Galaxies: Star Clusters, Galaxy: Globular Clusters: General},
     year = 2006,
    month = dec,
   volume = 132,
    pages = {2333-2345},
      doi = {10.1086/509124},
   adsurl = {http://adsabs.harvard.edu/abs/2006AJ....132.2333S},
  adsnote = {Provided by the SAO/NASA Astrophysics Data System}
}

@ARTICLE{harris2006,
   author = {{Harris}, W.~E. and {Whitmore}, B.~C. and {Karakla}, D. and 
	{Oko{\'n}}, W. and {Baum}, W.~A. and {Hanes}, D.~A. and {Kavelaars}, J.~J.
	},
    title = "{Globular Cluster Systems in Brightest Cluster Galaxies: Bimodal Metallicity Distributions and the Nature of the High-Luminosity Clusters}",
  journal = {\apj},
   eprint = {astro-ph/0508195},
 keywords = {Galaxies: Elliptical and Lenticular, cD, Galaxies: Star Clusters, Galaxy: Globular Clusters: General},
     year = 2006,
    month = jan,
   volume = 636,
    pages = {90-114},
      doi = {10.1086/498058},
   adsurl = {http://adsabs.harvard.edu/abs/2006ApJ...636...90H},
  adsnote = {Provided by the SAO/NASA Astrophysics Data System}
}

@ARTICLE{mieske2006a,
   author = {{Mieske}, S. and {Hilker}, M. and {Infante}, L. and {Jord{\'a}n}, A.
	},
    title = "{Spectroscopic Metallicities for Fornax Ultracompact Dwarf Galaxies, Globular Clusters, and Nucleated Dwarf Elliptical Galaxies}",
  journal = {\aj},
 keywords = {Galaxies: Clusters: Individual: Name: Fornax, Galaxies: Dwarf, Galaxies: Fundamental Parameters, Galaxies: Nuclei, Galaxy: Globular Clusters: General},
     year = 2006,
    month = may,
   volume = 131,
    pages = {2442-2451},
      doi = {10.1086/500583},
   adsurl = {http://adsabs.harvard.edu/abs/2006AJ....131.2442M},
  adsnote = {Provided by the SAO/NASA Astrophysics Data System}
}

@ARTICLE{mieske2006b,
   author = {{Mieske}, S. and {Jord{\'a}n}, A. and {C{\^o}t{\'e}}, P. and 
	{Kissler-Patig}, M. and {Peng}, E.~W. and {Ferrarese}, L. and 
	{Blakeslee}, J.~P. and {Mei}, S. and {Merritt}, D. and {Tonry}, J.~L. and 
	{West}, M.~J.},
    title = "{The ACS Virgo Cluster Survey. XIV. Analysis of Color-Magnitude Relations in Globular Cluster Systems}",
  journal = {\apj},
   eprint = {astro-ph/0609079},
 keywords = {Galaxies: Clusters: Individual: Name: Virgo, Galaxies: Dwarf, Galaxies: Fundamental Parameters, Galaxies: Nuclei, Galaxies: Star Clusters, Galaxy: Globular Clusters: General},
     year = 2006,
    month = dec,
   volume = 653,
    pages = {193-206},
      doi = {10.1086/508986},
   adsurl = {http://adsabs.harvard.edu/abs/2006ApJ...653..193M},
  adsnote = {Provided by the SAO/NASA Astrophysics Data System}
}

@ARTICLE{bailin2009,
   author = {{Bailin}, J. and {Harris}, W.~E.},
    title = "{Stochastic Self-Enrichment, Pre-Enrichment, and the Formation of Globular Clusters}",
  journal = {\apj},
archivePrefix = "arXiv",
   eprint = {0901.2302},
 primaryClass = "astro-ph.GA",
 keywords = {galaxies: abundances, galaxies: evolution, galaxies: formation, globular clusters: general, methods: analytical},
     year = 2009,
    month = apr,
   volume = 695,
    pages = {1082-1093},
      doi = {10.1088/0004-637X/695/2/1082},
   adsurl = {http://adsabs.harvard.edu/abs/2009ApJ...695.1082B},
  adsnote = {Provided by the SAO/NASA Astrophysics Data System}
}

@ARTICLE{naab2009,
   author = {{Naab}, T. and {Johansson}, P.~H. and {Ostriker}, J.~P.},
    title = "{Minor Mergers and the Size Evolution of Elliptical Galaxies}",
  journal = {\apjl},
archivePrefix = "arXiv",
   eprint = {0903.1636},
 primaryClass = "astro-ph.CO",
 keywords = {galaxies: elliptical and lenticular, cd, galaxies: evolution, galaxies: interactions, galaxies: structure, methods: numerical},
     year = 2009,
    month = jul,
   volume = 699,
    pages = {L178-L182},
      doi = {10.1088/0004-637X/699/2/L178},
   adsurl = {http://adsabs.harvard.edu/abs/2009ApJ...699L.178N},
  adsnote = {Provided by the SAO/NASA Astrophysics Data System}
}

@ARTICLE{bezanson2009,
   author = {{Bezanson}, R. and {van Dokkum}, P.~G. and {Tal}, T. and {Marchesini}, D. and 
	{Kriek}, M. and {Franx}, M. and {Coppi}, P.},
    title = "{The Relation Between Compact, Quiescent High-redshift Galaxies and Massive Nearby Elliptical Galaxies: Evidence for Hierarchical, Inside-Out Growth}",
  journal = {\apj},
archivePrefix = "arXiv",
   eprint = {0903.2044},
 primaryClass = "astro-ph.CO",
 keywords = {cosmology: observations, galaxies: elliptical and lenticular, cD, galaxies: evolution, galaxies: formation},
     year = 2009,
    month = jun,
   volume = 697,
    pages = {1290-1298},
      doi = {10.1088/0004-637X/697/2/1290},
   adsurl = {http://adsabs.harvard.edu/abs/2009ApJ...697.1290B},
  adsnote = {Provided by the SAO/NASA Astrophysics Data System}
}

@ARTICLE{hirschmann2013,
   author = {{Hirschmann}, M. and {Naab}, T. and {Dav{\'e}}, R. and {Oppenheimer}, B.~D. and 
	{Ostriker}, J.~P. and {Somerville}, R.~S. and {Oser}, L. and 
	{Genzel}, R. and {Tacconi}, L.~J. and {F{\"o}rster-Schreiber}, N.~M. and 
	{Burkert}, A. and {Genel}, S.},
    title = "{The effect of metal enrichment and galactic winds on galaxy formation in cosmological zoom simulations}",
  journal = {\mnras},
archivePrefix = "arXiv",
   eprint = {1309.2946},
 primaryClass = "astro-ph.CO",
 keywords = {methods: numerical, galaxies: evolution, galaxies: formation, galaxies: general, galaxies: kinematics and dynamics, galaxies: stellar content},
     year = 2013,
    month = dec,
   volume = 436,
    pages = {2929-2949},
      doi = {10.1093/mnras/stt1770},
   adsurl = {http://adsabs.harvard.edu/abs/2013MNRAS.436.2929H},
  adsnote = {Provided by the SAO/NASA Astrophysics Data System}
}


@ARTICLE{larsen2001,
   author = {{Larsen}, S.~S. and {Forbes}, D.~A. and {Brodie}, J.~P.},
    title = "{Hubble Space Telescope photometry of globular clusters in the Sombrero galaxy}",
  journal = {\mnras},
   eprint = {astro-ph/0107082},
 keywords = {GALAXIES: INDIVIDUAL: M104 (NGC 4594), GALAXIES: SPIRAL, GALAXIES: STAR CLUSTERS},
     year = 2001,
    month = nov,
   volume = 327,
    pages = {1116-1126},
      doi = {10.1046/j.1365-8711.2001.04797.x},
   adsurl = {http://adsabs.harvard.edu/abs/2001MNRAS.327.1116L},
  adsnote = {Provided by the SAO/NASA Astrophysics Data System}
}


@ARTICLE{hilker1999,
   author = {{Hilker}, M. and {Infante}, L. and {Vieira}, G. and {Kissler-Patig}, M. and 
	{Richtler}, T.},
    title = "{The central region of the Fornax cluster. II. Spectroscopy and radial velocities of member and background galaxies}",
  journal = {\aaps},
   eprint = {astro-ph/9807144},
 keywords = {GALAXIES: CLUSTERS: FORNAX CLUSTER, GALAXIES: DISTANCES AND REDSHIFTS, GALAXIES: ABUNDANCES, GALAXIES: DWARF},
     year = 1999,
    month = jan,
   volume = 134,
    pages = {75-86},
      doi = {10.1051/aas:1999434},
   adsurl = {http://cdsads.u-strasbg.fr/abs/1999A%26AS..134...75H},
  adsnote = {Provided by the SAO/NASA Astrophysics Data System}
}

@ARTICLE{drinkwater2000,
   author = {{Drinkwater}, M.~J. and {Jones}, J.~B. and {Gregg}, M.~D. and 
	{Phillipps}, S.},
    title = "{Compact stellar systems in the Fornax Cluster: Super-massive star clusters or extremely compact dwarf galaxies?}",
  journal = {\pasa},
   eprint = {astro-ph/0002003},
 keywords = {STAR CLUSTERS, DWARF GALAXIES, GALAXY FORMATION},
     year = 2000,
    month = dec,
   volume = 17,
    pages = {227-233},
      doi = {10.1071/AS00227},
   adsurl = {http://cdsads.u-strasbg.fr/abs/2000PASA...17..227D},
  adsnote = {Provided by the SAO/NASA Astrophysics Data System}
}

@ARTICLE{phillipps2001,
   author = {{Phillipps}, S. and {Drinkwater}, M.~J. and {Gregg}, M.~D. and 
	{Jones}, J.~B.},
    title = "{Ultracompact Dwarf Galaxies in the Fornax Cluster}",
  journal = {\apj},
   eprint = {astro-ph/0106377},
 keywords = {galaxies: clusters: individual (Fornax), Galaxies: Compact, Galaxies: Fundamental Parameters, Galaxies: Photometry},
     year = 2001,
    month = oct,
   volume = 560,
    pages = {201-206},
      doi = {10.1086/322517},
   adsurl = {http://cdsads.u-strasbg.fr/abs/2001ApJ...560..201P},
  adsnote = {Provided by the SAO/NASA Astrophysics Data System}
}

@ARTICLE{huxor2005,
   author = {{Huxor}, A.~P. and {Tanvir}, N.~R. and {Irwin}, M.~J. and {Ibata}, R. and 
	{Collett}, J.~L. and {Ferguson}, A.~M.~N. and {Bridges}, T. and 
	{Lewis}, G.~F.},
    title = "{A new population of extended, luminous star clusters in the halo of M31}",
  journal = {\mnras},
   eprint = {astro-ph/0412223},
 keywords = {galaxies: individual: M31, galaxies: star clusters},
     year = 2005,
    month = jul,
   volume = 360,
    pages = {1007-1012},
      doi = {10.1111/j.1365-2966.2005.09086.x},
   adsurl = {http://cdsads.u-strasbg.fr/abs/2005MNRAS.360.1007H},
  adsnote = {Provided by the SAO/NASA Astrophysics Data System}
}


@ARTICLE{brodie2006,
   author = {{Brodie}, J.~P. and {Strader}, J.},
    title = "{Extragalactic Globular Clusters and Galaxy Formation}",
  journal = {\araa},
   eprint = {astro-ph/0602601},
     year = 2006,
    month = sep,
   volume = 44,
    pages = {193-267},
      doi = {10.1146/annurev.astro.44.051905.092441},
   adsurl = {http://cdsads.u-strasbg.fr/abs/2006ARA%26A..44..193B},
  adsnote = {Provided by the SAO/NASA Astrophysics Data System}
}

@ARTICLE{peng2006b,
   author = {{Peng}, E.~W. and {C{\^o}t{\'e}}, P. and {Jord{\'a}n}, A. and 
	{Blakeslee}, J.~P. and {Ferrarese}, L. and {Mei}, S. and {West}, M.~J. and 
	{Merritt}, D. and {Milosavljevi{\'c}}, M. and {Tonry}, J.~L.
	},
    title = "{The ACS Virgo Cluster Survey. XI. The Nature of Diffuse Star Clusters in Early-Type Galaxies}",
  journal = {\apj},
   eprint = {astro-ph/0511251},
 keywords = {Galaxies: Elliptical and Lenticular, cD, Galaxies: Evolution, Galaxy: Globular Clusters: General, Galaxy: Open Clusters and Associations: General},
     year = 2006,
    month = mar,
   volume = 639,
    pages = {838-857},
      doi = {10.1086/499485},
   adsurl = {http://cdsads.u-strasbg.fr/abs/2006ApJ...639..838P},
  adsnote = {Provided by the SAO/NASA Astrophysics Data System}
}

@ARTICLE{forbes2013,
   author = {{Forbes}, D.~A. and {Pota}, V. and {Usher}, C. and {Strader}, J. and 
	{Romanowsky}, A.~J. and {Brodie}, J.~P. and {Arnold}, J.~A. and 
	{Spitler}, L.~R.},
    title = "{Filling the gap: a new class of old star cluster?}",
  journal = {\mnras},
archivePrefix = "arXiv",
   eprint = {1306.5245},
 primaryClass = "astro-ph.CO",
 keywords = {galaxies: formation, galaxies: star clusters: general, globular clusters: general},
     year = 2013,
    month = aug,
   volume = 435,
    pages = {L6-L10},
      doi = {10.1093/mnrasl/slt078},
   adsurl = {http://cdsads.u-strasbg.fr/abs/2013MNRAS.435L...6F},
  adsnote = {Provided by the SAO/NASA Astrophysics Data System}
}

@ARTICLE{misgeld2011,
   author = {{Misgeld}, I. and {Hilker}, M.},
    title = "{Families of dynamically hot stellar systems over 10 orders of magnitude in mass}",
  journal = {\mnras},
archivePrefix = "arXiv",
   eprint = {1103.1628},
 primaryClass = "astro-ph.CO",
 keywords = {globular clusters: general, galaxies: dwarf, galaxies: fundamental parameters, galaxies: star clusters: general},
     year = 2011,
    month = jul,
   volume = 414,
    pages = {3699-3710},
      doi = {10.1111/j.1365-2966.2011.18669.x},
   adsurl = {http://cdsads.u-strasbg.fr/abs/2011MNRAS.414.3699M},
  adsnote = {Provided by the SAO/NASA Astrophysics Data System}
}

@ARTICLE{mieske2004,
   author = {{Mieske}, S. and {Hilker}, M. and {Infante}, L.},
    title = "{Fornax compact object survey FCOS:  On the nature of Ultra Compact Dwarf galaxies}",
  journal = {\aap},
   eprint = {astro-ph/0401610},
 keywords = {galaxies: clusters: general, galaxies: dwarf, galaxies: fundamental parameters, galaxies: kinematics and dynamics, galaxies: star clusters, Galaxy: globular clusters: general},
     year = 2004,
    month = may,
   volume = 418,
    pages = {445-458},
      doi = {10.1051/0004-6361:20035723},
   adsurl = {http://cdsads.u-strasbg.fr/abs/2004A%26A...418..445M},
  adsnote = {Provided by the SAO/NASA Astrophysics Data System}
}

@ARTICLE{hasegan2005,
   author = {{Ha{\c s}egan}, M. and {Jord{\'a}n}, A. and {C{\^o}t{\'e}}, P. and 
	{Djorgovski}, S.~G. and {McLaughlin}, D.~E. and {Blakeslee}, J.~P. and 
	{Mei}, S. and {West}, M.~J. and {Peng}, E.~W. and {Ferrarese}, L. and 
	{Milosavljevi{\'c}}, M. and {Tonry}, J.~L. and {Merritt}, D.
	},
    title = "{The ACS Virgo Cluster Survey. VII. Resolving the Connection between Globular Clusters and Ultracompact Dwarf Galaxies}",
  journal = {\apj},
   eprint = {astro-ph/0503566},
 keywords = {Galaxies: Clusters: Individual: Name: Virgo, Galaxies: Dwarf, Galaxies: Formation, Galaxies: Star Clusters, Stars: Kinematics},
     year = 2005,
    month = jul,
   volume = 627,
    pages = {203-223},
      doi = {10.1086/430342},
   adsurl = {http://cdsads.u-strasbg.fr/abs/2005ApJ...627..203H},
  adsnote = {Provided by the SAO/NASA Astrophysics Data System}
}

@ARTICLE{price2009,
   author = {{Price}, J. and {Phillipps}, S. and {Huxor}, A. and {Trentham}, N. and 
	{Ferguson}, H.~C. and {Marzke}, R.~O. and {Hornschemeier}, A. and 
	{Goudfrooij}, P. and {Hammer}, D. and {Tully}, R.~B. and {Chiboucas}, K. and 
	{Smith}, R.~J. and {Carter}, D. and {Merritt}, D. and {Balcells}, M. and 
	{Erwin}, P. and {Puzia}, T.~H.},
    title = "{The HST/ACS Coma Cluster Survey - V. Compact stellar systems in the Coma Cluster}",
  journal = {\mnras},
archivePrefix = "arXiv",
   eprint = {0906.1123},
 primaryClass = "astro-ph.GA",
 keywords = {surveys , galaxies: clusters: individual: Coma , galaxies: dwarf , galaxies: structure},
     year = 2009,
    month = aug,
   volume = 397,
    pages = {1816-1835},
      doi = {10.1111/j.1365-2966.2009.15122.x},
   adsurl = {http://cdsads.u-strasbg.fr/abs/2009MNRAS.397.1816P},
  adsnote = {Provided by the SAO/NASA Astrophysics Data System}
}

@ARTICLE{taylor2010,
   author = {{Taylor}, M.~A. and {Puzia}, T.~H. and {Harris}, G.~L. and {Harris}, W.~E. and 
	{Kissler-Patig}, M. and {Hilker}, M.},
    title = "{Chemodynamics of Compact Stellar Systems in NGC 5128: How Similar are Globular Clusters, Ultra-Compact Dwarfs, and Dwarf Galaxies?}",
  journal = {\apj},
archivePrefix = "arXiv",
   eprint = {1002.1973},
 primaryClass = "astro-ph.GA",
 keywords = {galaxies: evolution, galaxies: formation, galaxies: individual: NGC 5128, galaxies: star clusters: general, galaxies: stellar content, globular clusters: general},
     year = 2010,
    month = apr,
   volume = 712,
    pages = {1191-1208},
      doi = {10.1088/0004-637X/712/2/1191},
   adsurl = {http://cdsads.u-strasbg.fr/abs/2010ApJ...712.1191T},
  adsnote = {Provided by the SAO/NASA Astrophysics Data System}
}

@ARTICLE{norris2011,
   author = {{Norris}, M.~A. and {Kannappan}, S.~J.},
    title = "{The ubiquity and dual nature of ultra-compact dwarfs}",
  journal = {\mnras},
archivePrefix = "arXiv",
   eprint = {1102.0001},
 primaryClass = "astro-ph.CO",
 keywords = {galaxies: individual: NGC 3923, galaxies: individual: NGC 4546, galaxies: star clusters},
     year = 2011,
    month = jun,
   volume = 414,
    pages = {739-758},
      doi = {10.1111/j.1365-2966.2011.18440.x},
   adsurl = {http://cdsads.u-strasbg.fr/abs/2011MNRAS.414..739N},
  adsnote = {Provided by the SAO/NASA Astrophysics Data System}
}

@ARTICLE{darocha2011,
   author = {{Da Rocha}, C. and {Mieske}, S. and {Georgiev}, I.~Y. and {Hilker}, M. and 
	{Ziegler}, B.~L. and {Mendes de Oliveira}, C.},
    title = "{Two formation channels of ultra-compact dwarf galaxies in Hickson compact groups}",
  journal = {\aap},
archivePrefix = "arXiv",
   eprint = {1009.3010},
 primaryClass = "astro-ph.CO",
 keywords = {galaxies: groups: individual: HCG 22, galaxies: groups: individual: HCG 90, galaxies: dwarf, galaxies: interactions, galaxies: star clusters: general},
     year = 2011,
    month = jan,
   volume = 525,
      eid = {A86},
    pages = {A86},
      doi = {10.1051/0004-6361/201015353},
   adsurl = {http://cdsads.u-strasbg.fr/abs/2011A%26A...525A..86D},
  adsnote = {Provided by the SAO/NASA Astrophysics Data System}
}

@ARTICLE{penny2012,
   author = {{Penny}, S.~J. and {Forbes}, D.~A. and {Conselice}, C.~J.},
    title = "{Hubble Space Telescope survey of the Perseus cluster - IV. Compact stellar systems in the Perseus cluster core and ultracompact dwarf formation in star-forming filaments}",
  journal = {\mnras},
archivePrefix = "arXiv",
   eprint = {1202.2623},
 primaryClass = "astro-ph.CO",
 keywords = {galaxies: clusters: general, galaxies: clusters: individual: Perseus cluster, galaxies: dwarf, galaxies: star clusters: general},
     year = 2012,
    month = may,
   volume = 422,
    pages = {885-901},
      doi = {10.1111/j.1365-2966.2012.20669.x},
   adsurl = {http://cdsads.u-strasbg.fr/abs/2012MNRAS.422..885P},
  adsnote = {Provided by the SAO/NASA Astrophysics Data System}
}

@ARTICLE{evstigneeva2007,
   author = {{Evstigneeva}, E.~A. and {Drinkwater}, M.~J. and {Jurek}, R. and 
	{Firth}, P. and {Jones}, J.~B. and {Gregg}, M.~D. and {Phillipps}, S.
	},
    title = "{Searches for ultracompact dwarf galaxies in galaxy groups}",
  journal = {\mnras},
archivePrefix = "arXiv",
   eprint = {0704.1750},
 keywords = {astronomical data bases: miscellaneous, surveys, galaxies: distances and redshifts, galaxies: dwarf, galaxies: star clusters},
     year = 2007,
    month = jul,
   volume = 378,
    pages = {1036-1042},
      doi = {10.1111/j.1365-2966.2007.11856.x},
   adsurl = {http://cdsads.u-strasbg.fr/abs/2007MNRAS.378.1036E},
  adsnote = {Provided by the SAO/NASA Astrophysics Data System}
}

@ARTICLE{hau2009,
   author = {{Hau}, G.~K.~T. and {Spitler}, L.~R. and {Forbes}, D.~A. and 
	{Proctor}, R.~N. and {Strader}, J. and {Mendel}, J.~T. and {Brodie}, J.~P. and 
	{Harris}, W.~E.},
    title = "{An ultra-compact dwarf around the Sombrero galaxy (M104): the nearest massive UCD}",
  journal = {\mnras},
archivePrefix = "arXiv",
   eprint = {0901.1693},
 primaryClass = "astro-ph.GA",
 keywords = {galaxies: dwarf, galaxies: formation, galaxies: individual: M104, galaxies: individual: SUCD1, galaxies: star clusters},
     year = 2009,
    month = mar,
   volume = 394,
    pages = {L97-L101},
      doi = {10.1111/j.1745-3933.2009.00618.x},
   adsurl = {http://cdsads.u-strasbg.fr/abs/2009MNRAS.394L..97H},
  adsnote = {Provided by the SAO/NASA Astrophysics Data System}
}


@ARTICLE{dabringhausen2008,
   author = {{Dabringhausen}, J. and {Hilker}, M. and {Kroupa}, P.},
    title = "{From star clusters to dwarf galaxies: the properties of dynamically hot stellar systems}",
  journal = {\mnras},
archivePrefix = "arXiv",
   eprint = {0802.0703},
 keywords = {globular clusters: general , galaxies: dwarf , galaxies: stellar content},
     year = 2008,
    month = may,
   volume = 386,
    pages = {864-886},
      doi = {10.1111/j.1365-2966.2008.13065.x},
   adsurl = {http://cdsads.u-strasbg.fr/abs/2008MNRAS.386..864D},
  adsnote = {Provided by the SAO/NASA Astrophysics Data System}
}


@ARTICLE{evstigneeva2008,
   author = {{Evstigneeva}, E.~A. and {Drinkwater}, M.~J. and {Peng}, C.~Y. and 
	{Hilker}, M. and {De Propris}, R. and {Jones}, J.~B. and {Phillipps}, S. and 
	{Gregg}, M.~D. and {Karick}, A.~M.},
    title = "{Structural Properties of Ultra-Compact Dwarf Galaxies in the Fornax and Virgo Clusters}",
  journal = {\aj},
archivePrefix = "arXiv",
   eprint = {0804.4353},
 keywords = {galaxies: clusters: individual: Fornax Cluster: Virgo Cluster, galaxies: dwarf, galaxies: formation, galaxies: fundamental parameters, galaxies: star clusters, galaxies: structure},
     year = 2008,
    month = jul,
   volume = 136,
    pages = {461-478},
      doi = {10.1088/0004-6256/136/1/461},
   adsurl = {http://cdsads.u-strasbg.fr/abs/2008AJ....136..461E},
  adsnote = {Provided by the SAO/NASA Astrophysics Data System}
}

@ARTICLE{jordan2004,
   author = {{Jord{\'a}n}, A.},
    title = "{A Possible Explanation for the Size Difference of Red and Blue Globular Clusters}",
  journal = {\apjl},
   eprint = {astro-ph/0408313},
 keywords = {Galaxies: Elliptical and Lenticular, cD, Galaxies: Star Clusters, Galaxy: Globular Clusters: General},
     year = 2004,
    month = oct,
   volume = 613,
    pages = {L117-L120},
      doi = {10.1086/425147},
   adsurl = {http://cdsads.u-strasbg.fr/abs/2004ApJ...613L.117J},
  adsnote = {Provided by the SAO/NASA Astrophysics Data System}
}

@ARTICLE{kim2006,
   author = {{Kim}, E. and {Kim}, D.-W. and {Fabbiano}, G. and {Lee}, M.~G. and 
	{Park}, H.~S. and {Geisler}, D. and {Dirsch}, B.},
    title = "{Low-Mass X-Ray Binaries in Six Elliptical Galaxies: Connection to Globular Clusters}",
  journal = {\apj},
   eprint = {astro-ph/0510817},
 keywords = {Galaxies: Elliptical and Lenticular, cD, Galaxies: Star Clusters, X-Rays: Binaries},
     year = 2006,
    month = aug,
   volume = 647,
    pages = {276-292},
      doi = {10.1086/505261},
   adsurl = {http://cdsads.u-strasbg.fr/abs/2006ApJ...647..276K},
  adsnote = {Provided by the SAO/NASA Astrophysics Data System}
}


@ARTICLE{jordan2007,
   author = {{Jord{\'a}n}, A. and {Blakeslee}, J.~P. and {C{\^o}t{\'e}}, P. and 
	{Ferrarese}, L. and {Infante}, L. and {Mei}, S. and {Merritt}, D. and 
	{Peng}, E.~W. and {Tonry}, J.~L. and {West}, M.~J.},
    title = "{The ACS Fornax Cluster Survey. I. Introduction to the Survey and Data Reduction Procedures}",
  journal = {\apjs},
   eprint = {astro-ph/0702320},
 keywords = {Galaxies: Clusters: Individual: Name: Fornax, Galaxies: Distances and Redshifts, Galaxies: Elliptical and Lenticular, cD, Galaxies: Nuclei, Galaxies: Star Clusters, Methods: Data Analysis},
     year = 2007,
    month = apr,
   volume = 169,
    pages = {213-224},
      doi = {10.1086/512778},
   adsurl = {http://cdsads.u-strasbg.fr/abs/2007ApJS..169..213J},
  adsnote = {Provided by the SAO/NASA Astrophysics Data System}
}


@ARTICLE{brodie2002,
   author = {{Brodie}, J.~P. and {Larsen}, S.~S.},
    title = "{New Members of the Cluster Family in Nearby Lenticular Galaxies}",
  journal = {\aj},
   eprint = {astro-ph/0203454},
 keywords = {Galaxies: Individual: NGC Number: NGC 1023, Galaxies: Individual: NGC Number: NGC 3384, Galaxies: Star Clusters},
     year = 2002,
    month = sep,
   volume = 124,
    pages = {1410-1417},
      doi = {10.1086/341824},
   adsurl = {http://cdsads.u-strasbg.fr/abs/2002AJ....124.1410B},
  adsnote = {Provided by the SAO/NASA Astrophysics Data System}
}

@ARTICLE{phillipps2001,
   author = {{Phillipps}, S. and {Drinkwater}, M.~J. and {Gregg}, M.~D. and 
	{Jones}, J.~B.},
    title = "{Ultracompact Dwarf Galaxies in the Fornax Cluster}",
  journal = {\apj},
   eprint = {astro-ph/0106377},
 keywords = {galaxies: clusters: individual (Fornax), Galaxies: Compact, Galaxies: Fundamental Parameters, Galaxies: Photometry},
     year = 2001,
    month = oct,
   volume = 560,
    pages = {201-206},
      doi = {10.1086/322517},
   adsurl = {http://cdsads.u-strasbg.fr/abs/2001ApJ...560..201P},
  adsnote = {Provided by the SAO/NASA Astrophysics Data System}
}

@ARTICLE{kissler-patig2006,
   author = {{Kissler-Patig}, M. and {Jord{\'a}n}, A. and {Bastian}, N.},
    title = "{The transition between star clusters and dwarf galaxies. On the existence of a mass-radius relation for star clusters of masses {\gt}10$^{7}$ M{\sun}: are these objects formed in mergers of stellar systems?}",
  journal = {\aap},
   eprint = {astro-ph/0512360},
     year = 2006,
    month = mar,
   volume = 448,
    pages = {1031-1035},
      doi = {10.1051/0004-6361:20054384},
   adsurl = {http://cdsads.u-strasbg.fr/abs/2006A%26A...448.1031K},
  adsnote = {Provided by the SAO/NASA Astrophysics Data System}
}

@ARTICLE{puzia2014,
   author = {{Puzia}, T.~H. and {Paolillo}, M. and {Goudfrooij}, P. and {Maccarone}, T.~J. and 
	{Fabbiano}, G. and {Angelini}, L.},
    title = "{Wide-Field Hubble Space Telescope Observations of the Globular Cluster System in NGC1399}",
  journal = {ArXiv e-prints},
archivePrefix = "arXiv",
   eprint = {1402.6714},
 primaryClass = "astro-ph.GA",
 keywords = {Astrophysics - Galaxy Astrophysics, Astrophysics - Cosmology and Extragalactic Astrophysics},
     year = 2014,
    month = feb,
   adsurl = {http://cdsads.u-strasbg.fr/abs/2014arXiv1402.6714P},
  adsnote = {Provided by the SAO/NASA Astrophysics Data System}
}



@ARTICLE{munoz2014,
   author = {{Mu{\~n}oz}, R.~P. and {Puzia}, T.~H. and {Lan{\c c}on}, A. and 
	{Peng}, E.~W. and {C{\^o}t{\'e}}, P. and {Ferrarese}, L. and 
	{Blakeslee}, J.~P. and {Mei}, S. and {Cuillandre}, J.-C. and 
	{Hudelot}, P. and {Courteau}, S. and {Duc}, P.-A. and {Balogh}, M.~L. and 
	{Boselli}, A. and {Bournaud}, F. and {Carlberg}, R.~G. and {Chapman}, S.~C. and 
	{Durrell}, P. and {Eigenthaler}, P. and {Emsellem}, E. and {Gavazzi}, G. and 
	{Gwyn}, S. and {Huertas-Company}, M. and {Ilbert}, O. and {Jord{\'a}n}, A. and 
	{L{\"a}sker}, R. and {Licitra}, R. and {Liu}, C. and {MacArthur}, L. and 
	{McConnachie}, A. and {McCracken}, H.~J. and {Mellier}, Y. and 
	{Peng}, C.~Y. and {Raichoor}, A. and {Taylor}, M.~A. and {Tonry}, J.~L. and 
	{Tully}, R.~B. and {Zhang}, H.},
    title = "{The Next Generation Virgo Cluster Survey-Infrared (NGVS-IR). I. A New Near-Ultraviolet, Optical, and Near-Infrared Globular Cluster Selection Tool}",
  journal = {\apjs},
archivePrefix = "arXiv",
   eprint = {1311.0873},
 primaryClass = "astro-ph.CO",
 keywords = {galaxies: clusters: individual: Virgo, galaxies: distances and redshifts, galaxies: luminosity function, mass function, galaxies: photometry, galaxies: star clusters: general},
     year = 2014,
    month = jan,
   volume = 210,
      eid = {4},
    pages = {4},
      doi = {10.1088/0067-0049/210/1/4},
   adsurl = {http://adsabs.harvard.edu/abs/2014ApJS..210....4M},
  adsnote = {Provided by the SAO/NASA Astrophysics Data System}
}

@ARTICLE{willick1997,
   author = {{Willick}, J.~A. and {Courteau}, S. and {Faber}, S.~M. and {Burstein}, D. and 
	{Dekel}, A. and {Strauss}, M.~A.},
    title = "{Homogeneous Velocity-Distance Data for Peculiar Velocity Analysis. III. The Mark III Catalog of Galaxy Peculiar Velocities}",
  journal = {\apjs},
   eprint = {astro-ph/9610202},
 keywords = {CATALOGS, GALAXIES: DISTANCES AND REDSHIFTS, GALAXIES: PHOTOMETRY, Catalogs, Galaxies: Distances and Redshifts, Galaxies: Photometry},
     year = 1997,
    month = apr,
   volume = 109,
    pages = {333-366},
      doi = {10.1086/312983},
   adsurl = {http://adsabs.harvard.edu/abs/1997ApJS..109..333W},
  adsnote = {Provided by the SAO/NASA Astrophysics Data System}
}

@ARTICLE{seth2014,
   author = {{Seth}, A.~C. and {van den Bosch}, R. and {Mieske}, S. and {Baumgardt}, H. and 
	{Brok}, M.~D. and {Strader}, J. and {Neumayer}, N. and {Chilingarian}, I. and 
	{Hilker}, M. and {McDermid}, R. and {Spitler}, L. and {Brodie}, J. and 
	{Frank}, M.~J. and {Walsh}, J.~L.},
    title = "{A supermassive black hole in an ultra-compact dwarf galaxy}",
  journal = {\nat},
archivePrefix = "arXiv",
   eprint = {1409.4769},
     year = 2014,
    month = sep,
   volume = 513,
    pages = {398-400},
      doi = {10.1038/nature13762},
   adsurl = {http://adsabs.harvard.edu/abs/2014Natur.513..398S},
  adsnote = {Provided by the SAO/NASA Astrophysics Data System}
}

@ARTICLE{strader2013,
   author = {{Strader}, J. and {Seth}, A.~C. and {Forbes}, D.~A. and {Fabbiano}, G. and 
	{Romanowsky}, A.~J. and {Brodie}, J.~P. and {Conroy}, C. and 
	{Caldwell}, N. and {Pota}, V. and {Usher}, C. and {Arnold}, J.~A.
	},
    title = "{The Densest Galaxy}",
  journal = {\apjl},
archivePrefix = "arXiv",
   eprint = {1307.7707},
 primaryClass = "astro-ph.CO",
 keywords = {galaxies: dwarf, galaxies: elliptical and lenticular, cD, galaxies: individual: M60, galaxies: kinematics and dynamics, galaxies: star clusters: general},
     year = 2013,
    month = sep,
   volume = 775,
      eid = {L6},
    pages = {L6},
      doi = {10.1088/2041-8205/775/1/L6},
   adsurl = {http://adsabs.harvard.edu/abs/2013ApJ...775L...6S},
  adsnote = {Provided by the SAO/NASA Astrophysics Data System}
}


@ARTICLE{zibetti2009,
   author = {{Zibetti}, S.},
    title = "{Introducing ADAPTSMOOTH, a new code for the adaptive smoothing of astronomical images}",
  journal = {ArXiv e-prints},
archivePrefix = "arXiv",
   eprint = {0911.4956},
 primaryClass = "astro-ph.IM",
 keywords = {Astrophysics - Instrumentation and Methods for Astrophysics, Astrophysics - Cosmology and Extragalactic Astrophysics, Astrophysics - Galaxy Astrophysics},
     year = 2009,
    month = nov,
   adsurl = {http://adsabs.harvard.edu/abs/2009arXiv0911.4956Z},
  adsnote = {Provided by the SAO/NASA Astrophysics Data System}
}

@ARTICLE{kroupa1998,
   author = {{Kroupa}, P.},
    title = "{The dynamical evolution of stellar superclusters}",
  journal = {\mnras},
   eprint = {astro-ph/9806206},
 keywords = {GLOBULAR CLUSTERS: GENERAL, GALAXIES: INTERACTIONS, GALAXIES: KINEMATICS AND DYNAMICS, LOCAL GROUP, GALAXIES: STAR CLUSTERS, GALAXIES: STELLAR CONTENT},
     year = 1998,
    month = oct,
   volume = 300,
    pages = {200-204},
      doi = {10.1046/j.1365-8711.1998.01892.x},
   adsurl = {http://adsabs.harvard.edu/abs/1998MNRAS.300..200K},
  adsnote = {Provided by the SAO/NASA Astrophysics Data System}
}


@ARTICLE{fellhauer2002,
   author = {{Fellhauer}, M. and {Kroupa}, P.},
    title = "{The formation of ultracompact dwarf galaxies}",
  journal = {\mnras},
   eprint = {astro-ph/0110621},
 keywords = {methods: N-body simulations,  globular clusters: individual: {$\omega$} Cen (NGC 5139),  galaxies: dwarf, galaxies: formation,  galaxies: interactions, galaxies: star clusters},
     year = 2002,
    month = mar,
   volume = 330,
    pages = {642-650},
      doi = {10.1046/j.1365-8711.2002.05087.x},
   adsurl = {http://adsabs.harvard.edu/abs/2002MNRAS.330..642F},
  adsnote = {Provided by the SAO/NASA Astrophysics Data System}
}


@ARTICLE{murray2009,
   author = {{Murray}, N.},
    title = "{The Sizes and Luminosities of Massive Star Clusters}",
  journal = {\apj},
archivePrefix = "arXiv",
   eprint = {0809.4320},
 keywords = {galaxies: star clusters, stars: luminosity function, mass function},
     year = 2009,
    month = feb,
   volume = 691,
    pages = {946-962},
      doi = {10.1088/0004-637X/691/2/946},
   adsurl = {http://adsabs.harvard.edu/abs/2009ApJ...691..946M},
  adsnote = {Provided by the SAO/NASA Astrophysics Data System}
}


@ARTICLE{bassino1994,
   author = {{Bassino}, L.~P. and {Muzzio}, J.~C. and {Rabolli}, M.},
    title = "{Are globular clusters the nuclei of cannibalized dwarf galaxies?}",
  journal = {\apj},
 keywords = {Dwarf Galaxies, Galactic Evolution, Galactic Nuclei, Globular Clusters, Interacting Galaxies, Astronomical Models, Computerized Simulation, Luminosity, Supernova Remnants, Virgo Galactic Cluster},
     year = 1994,
    month = aug,
   volume = 431,
    pages = {634-639},
      doi = {10.1086/174514},
   adsurl = {http://adsabs.harvard.edu/abs/1994ApJ...431..634B},
  adsnote = {Provided by the SAO/NASA Astrophysics Data System}
}

@ARTICLE{bekki2001,
   author = {{Bekki}, K. and {Couch}, W.~J. and {Drinkwater}, M.~J.},
    title = "{Galaxy Threshing and the Formation of Ultracompact Dwarf Galaxies}",
  journal = {\apjl},
   eprint = {astro-ph/0106402},
 keywords = {Galaxies: Clusters: General, Galaxies: Dwarf, Galaxies: Elliptical and Lenticular, cD, Galaxies: Formation, Galaxies: Interactions},
     year = 2001,
    month = may,
   volume = 552,
    pages = {L105-L108},
      doi = {10.1086/320339},
   adsurl = {http://adsabs.harvard.edu/abs/2001ApJ...552L.105B},
  adsnote = {Provided by the SAO/NASA Astrophysics Data System}
}


@ARTICLE{mieske2006,
   author = {{Mieske}, S. and {Hilker}, M. and {Infante}, L. and {Jord{\'a}n}, A.
	},
    title = "{Spectroscopic Metallicities for Fornax Ultracompact Dwarf Galaxies, Globular Clusters, and Nucleated Dwarf Elliptical Galaxies}",
  journal = {\aj},
   eprint = {astro-ph/0512474},
 keywords = {Galaxies: Clusters: Individual: Name: Fornax, Galaxies: Dwarf, Galaxies: Fundamental Parameters, Galaxies: Nuclei, Galaxy: Globular Clusters: General},
     year = 2006,
    month = may,
   volume = 131,
    pages = {2442-2451},
      doi = {10.1086/500583},
   adsurl = {http://adsabs.harvard.edu/abs/2006AJ....131.2442M},
  adsnote = {Provided by the SAO/NASA Astrophysics Data System}
}

@ARTICLE{harris2010c,
   author = {{Harris}, W.~E.},
    title = "{A New Catalog of Globular Clusters in the Milky Way}",
  journal = {ArXiv e-prints},
archivePrefix = "arXiv",
   eprint = {1012.3224},
 primaryClass = "astro-ph.GA",
 keywords = {Astrophysics - Galaxy Astrophysics},
     year = 2010,
    month = dec,
   adsurl = {http://adsabs.harvard.edu/abs/2010arXiv1012.3224H},
  adsnote = {Provided by the SAO/NASA Astrophysics Data System}
}


@ARTICLE{brodie2014,
   author = {{Brodie}, J.~P. and {Romanowsky}, A.~J. and {Strader}, J. and 
	{Forbes}, D.~A. and {Foster}, C. and {Jennings}, Z.~G. and {Pastorello}, N. and 
	{Pota}, V. and {Usher}, C. and {Blom}, C. and {Kader}, J. and 
	{Roediger}, J.~C. and {Spitler}, L.~R. and {Villaume}, A. and 
	{Arnold}, J.~A. and {Kartha}, S.~S. and {Woodley}, K.~A.},
    title = "{The SAGES Legacy Unifying Globulars and GalaxieS Survey (SLUGGS): Sample Definition, Methods, and Initial Results}",
  journal = {\apj},
archivePrefix = "arXiv",
   eprint = {1405.2079},
 keywords = {galaxies: abundances, galaxies: elliptical and lenticular, cD, galaxies: halos, galaxies: kinematics and dynamics, galaxies: star clusters: general, globular clusters: general},
     year = 2014,
    month = nov,
   volume = 796,
      eid = {52},
    pages = {52},
      doi = {10.1088/0004-637X/796/1/52},
   adsurl = {http://adsabs.harvard.edu/abs/2014ApJ...796...52B},
  adsnote = {Provided by the SAO/NASA Astrophysics Data System}
}


@ARTICLE{rots1978,
   author = {{Rots}, A.~H.},
    title = "{Detection of a long H I plume emerging from NGC 3628.}",
  journal = {\aj},
 keywords = {Galaxies:Neutral Hydrogen, Interacting Galaxies:Neutral Hydrogen},
     year = 1978,
    month = mar,
   volume = 83,
    pages = {219-223},
      doi = {10.1086/112195},
   adsurl = {http://adsabs.harvard.edu/abs/1978AJ.....83..219R},
  adsnote = {Provided by the SAO/NASA Astrophysics Data System}
}


@ARTICLE{nikiel-wroczynski2014,
   author = {{Nikiel-Wroczy{\'n}ski}, B. and {Soida}, M. and {Bomans}, D.~J. and 
	{Urbanik}, M.},
    title = "{Discovery of a Tidal Dwarf Galaxy in the Leo Triplet}",
  journal = {\apj},
archivePrefix = "arXiv",
   eprint = {1404.1744},
 keywords = {galaxies: groups: individual: Arp 317 Leo Triplet, galaxies: interactions, intergalactic medium},
     year = 2014,
    month = may,
   volume = 786,
      eid = {144},
    pages = {144},
      doi = {10.1088/0004-637X/786/2/144},
   adsurl = {http://adsabs.harvard.edu/abs/2014ApJ...786..144N},
  adsnote = {Provided by the SAO/NASA Astrophysics Data System}
}

@ARTICLE{stierwalt2009,
   author = {{Stierwalt}, S. and {Haynes}, M.~P. and {Giovanelli}, R. and 
	{Kent}, B.~R. and {Martin}, A.~M. and {Saintonge}, A. and {Karachentsev}, I.~D. and 
	{Karachentseva}, V.~E.},
    title = "{The Arecibo Legacy Fast Alfa Survey. IX. The Leo Region H I Catalog, Group Membership, and the H I Mass Function for the Leo I Group}",
  journal = {\aj},
archivePrefix = "arXiv",
   eprint = {0906.2178},
 primaryClass = "astro-ph.CO",
 keywords = {galaxies: distances and redshifts, galaxies: dwarf, galaxies: evolution, galaxies: formation, galaxies: halos, galaxies: luminosity function, mass function, radio lines: galaxies},
     year = 2009,
    month = aug,
   volume = 138,
    pages = {338-361},
      doi = {10.1088/0004-6256/138/2/338},
   adsurl = {http://adsabs.harvard.edu/abs/2009AJ....138..338S},
  adsnote = {Provided by the SAO/NASA Astrophysics Data System}
}

@ARTICLE{chromey1998,
   author = {{Chromey}, F.~R. and {Elmegreen}, D.~M. and {Mandell}, A. and 
	{McDermott}, J.},
    title = "{Star Formation in the Tidal Tail of the Leo Triplet Galaxy NGC 3628}",
  journal = {\aj},
 keywords = {GALAXIES: INDIVIDUAL: NGC NUMBER: NGC 3628, GALAXIES: INTERACTIONS, GALAXIES: STELLAR CONTENT},
     year = 1998,
    month = jun,
   volume = 115,
    pages = {2331-2336},
      doi = {10.1086/300369},
   adsurl = {http://adsabs.harvard.edu/abs/1998AJ....115.2331C},
  adsnote = {Provided by the SAO/NASA Astrophysics Data System}
}

@ARTICLE{boisse1987,
   author = {{Boisse}, P. and {Casoli}, F. and {Combes}, F.},
    title = "{High resolution (C-12)O observations of the central parts of the interacting galaxy NGC 3628}",
  journal = {\aap},
 keywords = {Astronomical Spectroscopy, Carbon Monoxide, Galactic Nuclei, Interacting Galaxies, Spectral Resolution, Spiral Galaxies, High Resolution, Infrared Spectra, Radial Distribution, Radio Spectra, Star Formation},
     year = 1987,
    month = feb,
   volume = 173,
    pages = {229-236},
   adsurl = {http://adsabs.harvard.edu/abs/1987A%26A...173..229B},
  adsnote = {Provided by the SAO/NASA Astrophysics Data System}
}


@ARTICLE{zwicky1956,
   author = {{Zwicky}, F.},
    title = "{Multiple Galaxies}",
  journal = {Ergebnisse der exakten Naturwissenschaften},
     year = 1956,
   volume = 29,
    pages = {344-385},
   adsurl = {http://adsabs.harvard.edu/abs/1956ErNW...29..344Z},
  adsnote = {Provided by the SAO/NASA Astrophysics Data System}
}

@ARTICLE{kormendy1974,
   author = {{Kormendy}, J. and {Bahcall}, J.~N.},
    title = "{Faint envelopes of galaxies.}",
  journal = {\aj},
     year = 1974,
    month = jun,
   volume = 79,
    pages = {671-677},
      doi = {10.1086/111595},
   adsurl = {http://adsabs.harvard.edu/abs/1974AJ.....79..671K},
  adsnote = {Provided by the SAO/NASA Astrophysics Data System}
}

@ARTICLE{haynes1979,
   author = {{Haynes}, M.~P. and {Giovanelli}, R. and {Roberts}, M.~S.},
    title = "{A detailed examination of the neutral hydrogen distribution in the Leo triplet NGC 3623, 3627, and 3628}",
  journal = {\apj},
 keywords = {Hydrogen Atoms, Intergalactic Media, Interstellar Gas, Mass Distribution, Spatial Distribution, Astronomical Maps, Galactic Clusters, Gravitational Effects, Tables (Data)},
     year = 1979,
    month = apr,
   volume = 229,
    pages = {83-90},
      doi = {10.1086/156932},
   adsurl = {http://adsabs.harvard.edu/abs/1979ApJ...229...83H},
  adsnote = {Provided by the SAO/NASA Astrophysics Data System}
}

@ARTICLE{nikiel-wroczynski2014,
   author = {{Nikiel-Wroczy{\'n}ski}, B. and {Soida}, M. and {Bomans}, D.~J. and 
	{Urbanik}, M.},
    title = "{Discovery of a Tidal Dwarf Galaxy in the Leo Triplet}",
  journal = {\apj},
archivePrefix = "arXiv",
   eprint = {1404.1744},
 keywords = {galaxies: groups: individual: Arp 317 Leo Triplet, galaxies: interactions, intergalactic medium},
     year = 2014,
    month = may,
   volume = 786,
      eid = {144},
    pages = {144},
      doi = {10.1088/0004-637X/786/2/144},
   adsurl = {http://adsabs.harvard.edu/abs/2014ApJ...786..144N},
  adsnote = {Provided by the SAO/NASA Astrophysics Data System}
}

@ARTICLE{toomre1972,
   author = {{Toomre}, A. and {Toomre}, J.},
    title = "{Galactic Bridges and Tails}",
  journal = {\apj},
     year = 1972,
    month = dec,
   volume = 178,
    pages = {623-666},
      doi = {10.1086/151823},
   adsurl = {http://adsabs.harvard.edu/abs/1972ApJ...178..623T},
  adsnote = {Provided by the SAO/NASA Astrophysics Data System}
}

@ARTICLE{anderson2010,
   author = {{Anderson}, J. and {van der Marel}, R.~P.},
    title = "{New Limits on an Intermediate-Mass Black Hole in Omega Centauri. I. Hubble Space Telescope Photometry and Proper Motions}",
  journal = {\apj},
archivePrefix = "arXiv",
   eprint = {0905.0627},
 primaryClass = "astro-ph.GA",
 keywords = {catalogs, globular clusters: general, globular clusters: individual: Omega Cen, stars: kinematics and dynamics, techniques: image processing, techniques: photometric},
     year = 2010,
    month = feb,
   volume = 710,
    pages = {1032-1062},
      doi = {10.1088/0004-637X/710/2/1032},
   adsurl = {http://adsabs.harvard.edu/abs/2010ApJ...710.1032A},
  adsnote = {Provided by the SAO/NASA Astrophysics Data System}
}

@ARTICLE{merritt1997,
   author = {{Merritt}, D. and {Meylan}, G. and {Mayor}, M.},
    title = "{The stellar dynamics of omega centauri.}",
  journal = {\aj},
   eprint = {astro-ph/9612184},
 keywords = {GLOBULAR CLUSTERS: INDIVIDUAL: OMEGA CENTAURI, GALAXY: KINEMATICS AND DYNAMICS},
     year = 1997,
    month = sep,
   volume = 114,
    pages = {1074-1086},
      doi = {10.1086/118538},
   adsurl = {http://adsabs.harvard.edu/abs/1997AJ....114.1074M},
  adsnote = {Provided by the SAO/NASA Astrophysics Data System}
}

@ARTICLE{king2012,
   author = {{King}, I.~R. and {Bedin}, L.~R. and {Cassisi}, S. and {Milone}, A.~P. and 
	{Bellini}, A. and {Piotto}, G. and {Anderson}, J. and {Pietrinferni}, A. and 
	{Cordier}, D.},
    title = "{Hubble Space Telescope Observations of an Outer Field in Omega Centauri: A Definitive Helium Abundance}",
  journal = {\aj},
archivePrefix = "arXiv",
   eprint = {1205.3760},
 primaryClass = "astro-ph.GA",
 keywords = {globular clusters: individual: NGC 5139, Hertzsprung-Russell and C-M diagram, proper motions, stars: abundances, stars: Population II},
     year = 2012,
    month = jul,
   volume = 144,
      eid = {5},
    pages = {5},
      doi = {10.1088/0004-6256/144/1/5},
   adsurl = {http://adsabs.harvard.edu/abs/2012AJ....144....5K},
  adsnote = {Provided by the SAO/NASA Astrophysics Data System}
}

@ARTICLE{leon2000,
   author = {{Leon}, S. and {Meylan}, G. and {Combes}, F.},
    title = "{Tidal tails around 20 Galactic globular clusters. Observational evidence for gravitational disk/bulge shocking}",
  journal = {\aap},
   eprint = {astro-ph/0006100},
 keywords = {TECHNIQUES: IMAGE PROCESSING, ISM: DUST, EXTINCTION, GALAXY: GLOBULAR CLUSTERS: GENERAL, GALAXY: STRUCTURE, COSMOLOGY: LARGE-SCALE STRUCTURE OF UNIVERSE},
     year = 2000,
    month = jul,
   volume = 359,
    pages = {907-931},
   adsurl = {http://adsabs.harvard.edu/abs/2000A%26A...359..907L},
  adsnote = {Provided by the SAO/NASA Astrophysics Data System}
}

@ARTICLE{law2003,
   author = {{Law}, D.~R. and {Majewski}, S.~R. and {Skrutskie}, M.~F. and 
	{Carpenter}, J.~M. and {Ayub}, H.~F.},
    title = "{2MASS Studies of Differential Reddening across Three Massive Globular Clusters}",
  journal = {\aj},
   eprint = {astro-ph/0305385},
 keywords = {Galaxy: Structure, Galaxy: Globular Clusters: General, Galaxy: Globular Clusters: Individual: Name: {$\omega$} Centauri, Galaxy: Globular Clusters: Individual: NGC Number: NGC 6388, Galaxy: Globular Clusters: Individual: NGC Number: NGC 6441},
     year = 2003,
    month = oct,
   volume = 126,
    pages = {1871-1887},
      doi = {10.1086/377626},
   adsurl = {http://adsabs.harvard.edu/abs/2003AJ....126.1871L},
  adsnote = {Provided by the SAO/NASA Astrophysics Data System}
}

@ARTICLE{dacosta2008,
   author = {{Da Costa}, G.~S. and {Coleman}, M.~G.},
    title = "{A Spectroscopic Survey for {$\omega$} Centauri Members at and beyond the Cluster Tidal Radius}",
  journal = {\aj},
archivePrefix = "arXiv",
   eprint = {0805.0823},
 keywords = {Galaxy: stellar content, globular clusters: general, globular clusters: individual: {$\omega$} Centauri: NGC 5139, stars: kinematics},
     year = 2008,
    month = jul,
   volume = 136,
    pages = {506-517},
      doi = {10.1088/0004-6256/136/1/506},
   adsurl = {http://adsabs.harvard.edu/abs/2008AJ....136..506D},
  adsnote = {Provided by the SAO/NASA Astrophysics Data System}
}

@ARTICLE{fernandez-trincado2015,
   author = {{Fern{\'a}ndez-Trincado}, J.~G. and {Vivas}, A.~K. and {Mateu}, C.~E. and 
	{Zinn}, R. and {Robin}, A.~C. and {Valenzuela}, O. and {Moreno}, E. and 
	{Pichardo}, B.},
    title = "{Searching for tidal tails around {$\omega$} Centauri using RR Lyrae stars}",
  journal = {\aap},
archivePrefix = "arXiv",
   eprint = {1411.3004},
 keywords = {stars: variables: RR Lyrae, stars: kinematics and dynamics, globular clusters: individual:{\amp}omega;Centauri, globular clusters: individual: NGC 5139, stars: horizontal-branch},
     year = 2015,
    month = feb,
   volume = 574,
      eid = {A15},
    pages = {A15},
      doi = {10.1051/0004-6361/201424899},
   adsurl = {http://adsabs.harvard.edu/abs/2015A%26A...574A..15F},
  adsnote = {Provided by the SAO/NASA Astrophysics Data System}
}

@ARTICLE{penny2014,
   author = {{Penny}, S.~J. and {Forbes}, D.~A. and {Pimbblet}, K.~A. and 
	{Floyd}, D.~J.~E.},
    title = "{Dwarf galaxies in the Perseus Cluster: further evidence for a disc origin for dwarf ellipticals}",
  journal = {\mnras},
archivePrefix = "arXiv",
   eprint = {1407.2368},
 keywords = {galaxies: clusters: general, galaxies: clusters: individual: Perseus Cluster, galaxies: dwarf, galaxies: evolution, galaxies: kinematics and dynamics, galaxies: structure},
     year = 2014,
    month = oct,
   volume = 443,
    pages = {3381-3387},
      doi = {10.1093/mnras/stu1397},
   adsurl = {http://adsabs.harvard.edu/abs/2014MNRAS.443.3381P},
  adsnote = {Provided by the SAO/NASA Astrophysics Data System}
}


@ARTICLE{bell2003,
   author = {{Bell}, E.~F. and {McIntosh}, D.~H. and {Katz}, N. and {Weinberg}, M.~D.
	},
    title = "{The Optical and Near-Infrared Properties of Galaxies. I. Luminosity and Stellar Mass Functions}",
  journal = {\apjs},
   eprint = {astro-ph/0302543},
 keywords = {Galaxies: Evolution, Galaxies: General, Galaxies: Luminosity Function, Mass Function, Galaxies: Stellar Content},
     year = 2003,
    month = dec,
   volume = 149,
    pages = {289-312},
      doi = {10.1086/378847},
   adsurl = {http://adsabs.harvard.edu/abs/2003ApJS..149..289B},
  adsnote = {Provided by the SAO/NASA Astrophysics Data System}
}

@ARTICLE{dinescu1999,
   author = {{Dinescu}, D.~I. and {Girard}, T.~M. and {van Altena}, W.~F.
	},
    title = "{Space Velocities of Globular Clusters. III. Cluster Orbits and Halo Substructure}",
  journal = {\aj},
 keywords = {GALAXY: HALO, GALAXY: STRUCTURE, GALAXY: GLOBULAR CLUSTERS: GENERAL},
     year = 1999,
    month = apr,
   volume = 117,
    pages = {1792-1815},
      doi = {10.1086/300807},
   adsurl = {http://adsabs.harvard.edu/abs/1999AJ....117.1792D},
  adsnote = {Provided by the SAO/NASA Astrophysics Data System}
}

@ARTICLE{johnson2010,
   author = {{Johnson}, C.~I. and {Pilachowski}, C.~A.},
    title = "{Chemical Abundances for 855 Giants in the Globular Cluster Omega Centauri (NGC 5139)}",
  journal = {\apj},
archivePrefix = "arXiv",
   eprint = {1008.2232},
 primaryClass = "astro-ph.SR",
 keywords = {globular clusters: general, globular clusters: individual: Omega Centauri, stars: abundances, stars: Population II},
     year = 2010,
    month = oct,
   volume = 722,
    pages = {1373-1410},
      doi = {10.1088/0004-637X/722/2/1373},
   adsurl = {http://adsabs.harvard.edu/abs/2010ApJ...722.1373J},
  adsnote = {Provided by the SAO/NASA Astrophysics Data System}
}

@ARTICLE{trenti2015,
   author = {{Trenti}, M. and {Padoan}, P. and {Jimenez}, R.},
    title = "{The formation of globular clusters through minihalo-minihalo mergers}",
  journal = {ArXiv e-prints},
archivePrefix = "arXiv",
   eprint = {1502.02670},
 keywords = {Astrophysics - Astrophysics of Galaxies},
     year = 2015,
    month = feb,
   adsurl = {http://adsabs.harvard.edu/abs/2015arXiv150202670T},
  adsnote = {Provided by the SAO/NASA Astrophysics Data System}
}

@ARTICLE{kanbur2003,
   author = {{Kanbur}, S.~M. and {Ngeow}, C. and {Nikolaev}, S. and {Tanvir}, N.~R. and 
	{Hendry}, M.~A.},
    title = "{The extra-galactic Cepheid distance scale from LMC and Galactic period-luminosity relations}",
  journal = {\aap},
   eprint = {astro-ph/0309235},
 keywords = {galaxies: distances and redshifts, galaxies: Magellanic Clouds, stars: variables: Cepheids},
     year = 2003,
    month = dec,
   volume = 411,
    pages = {361-379},
      doi = {10.1051/0004-6361:20031373},
   adsurl = {http://adsabs.harvard.edu/abs/2003A%26A...411..361K},
  adsnote = {Provided by the SAO/NASA Astrophysics Data System}
}

@ARTICLE{forbes2014,
   author = {{Forbes}, D.~A. and {Norris}, M.~A. and {Strader}, J. and {Romanowsky}, A.~J. and 
	{Pota}, V. and {Kannappan}, S.~J. and {Brodie}, J.~P. and {Huxor}, A.
	},
    title = "{The AIMSS Project II: dynamical-to-stellar mass ratios across the star cluster-galaxy divide}",
  journal = {\mnras},
archivePrefix = "arXiv",
   eprint = {1408.2558},
 keywords = {galaxies: dwarf, galaxies: evolution, galaxies: kinematics and dynamics, galaxies: star clusters: general},
     year = 2014,
    month = nov,
   volume = 444,
    pages = {2993-3003},
      doi = {10.1093/mnras/stu1631},
   adsurl = {http://adsabs.harvard.edu/abs/2014MNRAS.444.2993F},
  adsnote = {Provided by the SAO/NASA Astrophysics Data System}
}


@ARTICLE{thomas2011,
   author = {{Thomas}, D. and {Maraston}, C. and {Johansson}, J.},
    title = "{Flux-calibrated stellar population models of Lick absorption-line indices with variable element abundance ratios}",
  journal = {\mnras},
archivePrefix = "arXiv",
   eprint = {1010.4569},
 primaryClass = "astro-ph.CO",
 keywords = {stars: evolution, Galaxy: abundances, globular clusters: general, galaxies: abundances, galaxies: star clusters: general, galaxies: stellar content},
     year = 2011,
    month = apr,
   volume = 412,
    pages = {2183-2198},
      doi = {10.1111/j.1365-2966.2010.18049.x},
   adsurl = {http://adsabs.harvard.edu/abs/2011MNRAS.412.2183T},
  adsnote = {Provided by the SAO/NASA Astrophysics Data System}
}

@ARTICLE{thomas2003,
   author = {{Thomas}, D. and {Maraston}, C. and {Bender}, R.},
    title = "{Stellar population models of Lick indices with variable element abundance ratios}",
  journal = {\mnras},
   eprint = {astro-ph/0209250},
 keywords = {stars: abundances, Galaxy: abundances, globular clusters: general, galaxies: elliptical and lenticular, cD, galaxies: stellar content},
     year = 2003,
    month = mar,
   volume = 339,
    pages = {897-911},
      doi = {10.1046/j.1365-8711.2003.06248.x},
   adsurl = {http://adsabs.harvard.edu/abs/2003MNRAS.339..897T},
  adsnote = {Provided by the SAO/NASA Astrophysics Data System}
}

@ARTICLE{into2013,
   author = {{Into}, T. and {Portinari}, L.},
    title = "{New colour-mass-to-light relations: the role of the asymptotic giant branch phase and of interstellar dust}",
  journal = {\mnras},
archivePrefix = "arXiv",
   eprint = {1301.2178},
 primaryClass = "astro-ph.CO",
 keywords = {stars: AGB and post-AGB, dust, extinction, galaxies: luminosity function, mass function, galaxies: stellar content, infrared: galaxies},
     year = 2013,
    month = apr,
   volume = 430,
    pages = {2715-2731},
      doi = {10.1093/mnras/stt071},
   adsurl = {http://adsabs.harvard.edu/abs/2013MNRAS.430.2715I},
  adsnote = {Provided by the SAO/NASA Astrophysics Data System}
}

@ARTICLE{janz2015,
   author = {{Janz}, J. and {Forbes}, D.~A. and {Norris}, M.~A. and {Strader}, J. and 
	{Penny}, S.~J. and {Fagioli}, M. and {Romanowsky}, A.~J.},
    title = "{How elevated is the dynamical-to-stellar mass ratio of the ultracompact dwarf S999?}",
  journal = {\mnras},
archivePrefix = "arXiv",
   eprint = {1502.06598},
 keywords = {galaxies: clusters: individual: Virgo Cluster, galaxies: dwarf, galaxies: star clusters: general},
     year = 2015,
    month = may,
   volume = 449,
    pages = {1716-1730},
      doi = {10.1093/mnras/stv389},
   adsurl = {http://adsabs.harvard.edu/abs/2015MNRAS.449.1716J},
  adsnote = {Provided by the SAO/NASA Astrophysics Data System}
}


@ARTICLE{johnston2001,
   author = {{Johnston}, K.~V. and {Sackett}, P.~D. and {Bullock}, J.~S.},
    title = "{Interpreting Debris from Satellite Disruption in External Galaxies}",
  journal = {\apj},
   eprint = {astro-ph/0101543},
 keywords = {Cosmology: Dark Matter, Galaxies: Evolution, Galaxies: Formation, Galaxies: Halos, galaxies: individual (M31, M32, NGC 205, NGC 5907), Galaxies: Kinematics and Dynamics, Galaxies: Local Group},
     year = 2001,
    month = aug,
   volume = 557,
    pages = {137-149},
      doi = {10.1086/321644},
   adsurl = {http://adsabs.harvard.edu/abs/2001ApJ...557..137J},
  adsnote = {Provided by the SAO/NASA Astrophysics Data System}
}

@ARTICLE{peng2008,
   author = {{Peng}, E.~W. and {Jord{\'a}n}, A. and {C{\^o}t{\'e}}, P. and 
	{Takamiya}, M. and {West}, M.~J. and {Blakeslee}, J.~P. and 
	{Chen}, C.-W. and {Ferrarese}, L. and {Mei}, S. and {Tonry}, J.~L. and 
	{West}, A.~A.},
    title = "{The ACS Virgo Cluster Survey. XV. The Formation Efficiencies of Globular Clusters in Early-Type Galaxies: The Effects of Mass and Environment}",
  journal = {\apj},
archivePrefix = "arXiv",
   eprint = {0803.0330},
 keywords = {Galaxies: Dwarf, Galaxies: Elliptical and Lenticular, cD, Galaxies: Evolution, Galaxies: Halos, Galaxies: Star Clusters, Galaxy: Globular Clusters: General},
     year = 2008,
    month = jul,
   volume = 681,
    pages = {197-224},
      doi = {10.1086/587951},
   adsurl = {http://adsabs.harvard.edu/abs/2008ApJ...681..197P},
  adsnote = {Provided by the SAO/NASA Astrophysics Data System}
}


@ARTICLE{norris2014,
   author = {{Norris}, M.~A. and {Kannappan}, S.~J. and {Forbes}, D.~A. and 
	{Romanowsky}, A.~J. and {Brodie}, J.~P. and {Faifer}, F.~R. and 
	{Huxor}, A. and {Maraston}, C. and {Moffett}, A.~J. and {Penny}, S.~J. and 
	{Pota}, V. and {Smith-Castelli}, A. and {Strader}, J. and {Bradley}, D. and 
	{Eckert}, K.~D. and {Fohring}, D. and {McBride}, J. and {Stark}, D.~V. and 
	{Vaduvescu}, O.},
    title = "{The AIMSS Project - I. Bridging the star cluster-galaxy divide}",
  journal = {\mnras},
archivePrefix = "arXiv",
   eprint = {1406.6065},
 keywords = {galaxies: dwarf, galaxies: evolution, galaxies: formation, galaxies: kinematics and dynamics},
     year = 2014,
    month = sep,
   volume = 443,
    pages = {1151-1172},
      doi = {10.1093/mnras/stu1186},
   adsurl = {http://adsabs.harvard.edu/abs/2014MNRAS.443.1151N},
  adsnote = {Provided by the SAO/NASA Astrophysics Data System}
}

@ARTICLE{pfeffer2013,
   author = {{Pfeffer}, J. and {Baumgardt}, H.},
    title = "{Ultra-compact dwarf galaxy formation by tidal stripping of nucleated dwarf galaxies}",
  journal = {\mnras},
archivePrefix = "arXiv",
   eprint = {1305.3656},
 primaryClass = "astro-ph.GA",
 keywords = {methods: numerical, galaxies: dwarf, galaxies: formation, galaxies: interactions, galaxies: star clusters: general},
     year = 2013,
    month = aug,
   volume = 433,
    pages = {1997-2005},
      doi = {10.1093/mnras/stt867},
   adsurl = {http://adsabs.harvard.edu/abs/2013MNRAS.433.1997P},
  adsnote = {Provided by the SAO/NASA Astrophysics Data System}
}

@ARTICLE{georgiev2014,
   author = {{Georgiev}, I.~Y. and {B{\"o}ker}, T.},
    title = "{Nuclear star clusters in 228 spiral galaxies in the HST/WFPC2 archive: catalogue and comparison to other stellar systems}",
  journal = {\mnras},
archivePrefix = "arXiv",
   eprint = {1404.5956},
 keywords = {galaxies: spiral, galaxies: star clusters: general},
     year = 2014,
    month = jul,
   volume = 441,
    pages = {3570-3590},
      doi = {10.1093/mnras/stu797},
   adsurl = {http://adsabs.harvard.edu/abs/2014MNRAS.441.3570G},
  adsnote = {Provided by the SAO/NASA Astrophysics Data System}

}

@ARTICLE{bianchini2015,
   author = {{Bianchini}, P. and {Renaud}, F. and {Gieles}, M. and {Varri}, A.~L.
	},
    title = "{The inefficiency of satellite accretion in forming extended star clusters}",
  journal = {\mnras},
archivePrefix = "arXiv",
   eprint = {1411.1069},
 keywords = {methods: numerical, globular clusters: general},
     year = 2015,
    month = feb,
   volume = 447,
    pages = {L40-L44},
      doi = {10.1093/mnrasl/slu177},
   adsurl = {http://adsabs.harvard.edu/abs/2015MNRAS.447L..40B},
  adsnote = {Provided by the SAO/NASA Astrophysics Data System}
}

@ARTICLE{cote2006,
   author = {{C{\^o}t{\'e}}, P. and {Piatek}, S. and {Ferrarese}, L. and 
	{Jord{\'a}n}, A. and {Merritt}, D. and {Peng}, E.~W. and {Ha{\c s}egan}, M. and 
	{Blakeslee}, J.~P. and {Mei}, S. and {West}, M.~J. and {Milosavljevi{\'c}}, M. and 
	{Tonry}, J.~L.},
    title = "{The ACS Virgo Cluster Survey. VIII. The Nuclei of Early-Type Galaxies}",
  journal = {\apjs},
   eprint = {astro-ph/0603252},
 keywords = {Galaxies: Clusters: Individual: Name: Virgo, Galaxies: Elliptical and Lenticular, cD, Galaxies: Nuclei, Galaxies: Structure},
     year = 2006,
    month = jul,
   volume = 165,
    pages = {57-94},
      doi = {10.1086/504042},
   adsurl = {http://adsabs.harvard.edu/abs/2006ApJS..165...57C},
  adsnote = {Provided by the SAO/NASA Astrophysics Data System}
}

@ARTICLE{zibetti2009b,
   author = {{Zibetti}, S. and {Charlot}, S. and {Rix}, H.-W.},
    title = "{Resolved stellar mass maps of galaxies - I. Method and implications for global mass estimates}",
  journal = {\mnras},
archivePrefix = "arXiv",
   eprint = {0904.4252},
 primaryClass = "astro-ph.CO",
 keywords = {techniques: image processing , techniques: photometric , galaxies: fundamental parameters , galaxies: general , galaxies: photometry , galaxies: stellar content},
     year = 2009,
    month = dec,
   volume = 400,
    pages = {1181-1198},
      doi = {10.1111/j.1365-2966.2009.15528.x},
   adsurl = {http://adsabs.harvard.edu/abs/2009MNRAS.400.1181Z},
  adsnote = {Provided by the SAO/NASA Astrophysics Data System}
}

@ARTICLE{sandoval2015,
   author = {{Sandoval}, M.~A. and {Vo}, R.~P. and {Romanowsky}, A.~J. and 
	{Strader}, J. and {Choi}, J. and {Jennings}, Z.~G. and {Conroy}, C. and 
	{Brodie}, J.~P. and {Foster}, C. and {Villaume}, A. and {Norris}, M.~A. and 
	{Janz}, J. and {Forbes}, D.~A.},
    title = "{Hiding in Plain Sight: Record-breaking Compact Stellar Systems in the Sloan Digital Sky Survey}",
  journal = {\apjl},
archivePrefix = "arXiv",
   eprint = {1506.08828},
 keywords = {galaxies: fundamental parameters, galaxies: nuclei, galaxies: star clusters: general},
     year = 2015,
    month = jul,
   volume = 808,
      eid = {L32},
    pages = {L32},
      doi = {10.1088/2041-8205/808/1/L32},
   adsurl = {http://adsabs.harvard.edu/abs/2015ApJ...808L..32S},
  adsnote = {Provided by the SAO/NASA Astrophysics Data System}
}

@ARTICLE{pritzl2005,
   author = {{Pritzl}, B.~J. and {Venn}, K.~A. and {Irwin}, M.},
    title = "{A Comparison of Elemental Abundance Ratios in Globular Clusters, Field Stars, and Dwarf Spheroidal Galaxies}",
  journal = {\aj},
   eprint = {astro-ph/0506238},
 keywords = {Galaxy: Globular Clusters: General, Stars: Abundances},
     year = 2005,
    month = nov,
   volume = 130,
    pages = {2140-2165},
      doi = {10.1086/432911},
   adsurl = {http://adsabs.harvard.edu/abs/2005AJ....130.2140P},
  adsnote = {Provided by the SAO/NASA Astrophysics Data System}
}

@ARTICLE{dotter2011,
   author = {{Dotter}, A. and {Sarajedini}, A. and {Anderson}, J.},
    title = "{Globular Clusters in the Outer Galactic Halo: New Hubble Space Telescope/Advanced Camera for Surveys Imaging of Six Globular Clusters and the Galactic Globular Cluster Age-metallicity Relation}",
  journal = {\apj},
archivePrefix = "arXiv",
   eprint = {1106.4307},
 keywords = {Galaxy: formation, globular clusters: general},
     year = 2011,
    month = sep,
   volume = 738,
      eid = {74},
    pages = {74},
      doi = {10.1088/0004-637X/738/1/74},
   adsurl = {http://adsabs.harvard.edu/abs/2011ApJ...738...74D},
  adsnote = {Provided by the SAO/NASA Astrophysics Data System}
}


@ARTICLE{conroy2014,
   author = {{Conroy}, C. and {Graves}, G.~J. and {van Dokkum}, P.~G.},
    title = "{Early-type Galaxy Archeology: Ages, Abundance Ratios, and Effective Temperatures from Full-spectrum Fitting}",
  journal = {\apj},
archivePrefix = "arXiv",
   eprint = {1303.6629},
 keywords = {galaxies: abundances, galaxies: stellar content},
     year = 2014,
    month = jan,
   volume = 780,
      eid = {33},
    pages = {33},
      doi = {10.1088/0004-637X/780/1/33},
   adsurl = {http://adsabs.harvard.edu/abs/2014ApJ...780...33C},
  adsnote = {Provided by the SAO/NASA Astrophysics Data System}
}

@ARTICLE{harris1996,
   author = {{Harris}, W.~E.},
    title = "{A Catalog of Parameters for Globular Clusters in the Milky Way}",
  journal = {\aj},
 keywords = {GLOBULAR CLUSTERS: GENERAL, CATALOGS},
     year = 1996,
    month = oct,
   volume = 112,
    pages = {1487},
      doi = {10.1086/118116},
   adsurl = {http://adsabs.harvard.edu/abs/1996AJ....112.1487H},
  adsnote = {Provided by the SAO/NASA Astrophysics Data System}
}

@ARTICLE{villanova2010,
   author = {{Villanova}, S. and {Carraro}, G. and {Scarpa}, R. and {Marconi}, G.
	},
    title = "{Abundance analysis of a sample of evolved stars in the outskirts of {$\omega$} Centauri}",
  journal = {\na},
archivePrefix = "arXiv",
   eprint = {0912.4176},
     year = 2010,
    month = aug,
   volume = 15,
    pages = {520-529},
      doi = {10.1016/j.newast.2009.12.010},
   adsurl = {http://adsabs.harvard.edu/abs/2010NewA...15..520V},
  adsnote = {Provided by the SAO/NASA Astrophysics Data System}
}

@ARTICLE{suntzeff1996,
   author = {{Suntzeff}, N.~B. and {Kraft}, R.~P.},
    title = "{The Abundance Spread Among Giants and Subgiants in the Globular Cluster Omega Centauri}",
  journal = {\aj},
   eprint = {astro-ph/9601013},
 keywords = {GLOBULAR CLUSTERS: INDIVIDUAL: OMEGA CENTAURI, STARS: ABUNDANCES, STARS: GIANTS},
     year = 1996,
    month = may,
   volume = 111,
    pages = {1913},
      doi = {10.1086/117930},
   adsurl = {http://adsabs.harvard.edu/abs/1996AJ....111.1913S},
  adsnote = {Provided by the SAO/NASA Astrophysics Data System}
}

@ARTICLE{paltoglou1989,
   author = {{Paltoglou}, G. and {Norris}, J.~E.},
    title = "{The giant branch of Omega Centauri. III - C, N, O and heavy-element abundances for 15 red giants}",
  journal = {\apj},
 keywords = {Globular Clusters, Heavy Elements, Milky Way Galaxy, Red Giant Stars, Stellar Spectra, Abundance, High Resolution, Peculiar Stars, Variable Stars},
     year = 1989,
    month = jan,
   volume = 336,
    pages = {185-206},
      doi = {10.1086/167005},
   adsurl = {http://adsabs.harvard.edu/abs/1989ApJ...336..185P},
  adsnote = {Provided by the SAO/NASA Astrophysics Data System}
}

@ARTICLE{johnson2009,
   author = {{Johnson}, C.~I. and {Pilachowski}, C.~A. and {Michael Rich}, R. and 
	{Fulbright}, J.~P.},
    title = "{A Large Sample Study of Red Giants in the Globular Cluster Omega Centauri (NGC 5139)}",
  journal = {\apj},
archivePrefix = "arXiv",
   eprint = {0904.3507},
 primaryClass = "astro-ph.SR",
 keywords = {globular clusters: general, globular clusters: individual: omega Centauri NGC 5139, stars: abundances, stars: Population II},
     year = 2009,
    month = jun,
   volume = 698,
    pages = {2048-2065},
      doi = {10.1088/0004-637X/698/2/2048},
   adsurl = {http://adsabs.harvard.edu/abs/2009ApJ...698.2048J},
  adsnote = {Provided by the SAO/NASA Astrophysics Data System}
}

@INPROCEEDINGS{webbink1985,
   author = {{Webbink}, R.~F.},
    title = "{Structure parameters of galactic globular clusters}",
 keywords = {Galactic Structure, Globular Clusters, Milky Way Galaxy, Astronomical Coordinates, Horizontal Branch Stars, Stellar Color, Stellar Cores, Tables (Data)},
booktitle = {Dynamics of Star Clusters},
     year = 1985,
   series = {IAU Symposium},
   volume = 113,
   editor = {{Goodman}, J. and {Hut}, P.},
    pages = {541-577},
   adsurl = {http://adsabs.harvard.edu/abs/1985IAUS..113..541W},
  adsnote = {Provided by the SAO/NASA Astrophysics Data System}
}

@ARTICLE{geha2002,
   author = {{Geha}, M. and {Guhathakurta}, P. and {van der Marel}, R.~P.
	},
    title = "{Internal Dynamics, Structure, and Formation of Dwarf Elliptical Galaxies. I. A Keck/Hubble Space Telescope Study of Six Virgo Cluster Dwarf Galaxies}",
  journal = {\aj},
   eprint = {astro-ph/0206153},
 keywords = {Galaxies: Dwarf, Galaxies: Kinematics and Dynamics},
     year = 2002,
    month = dec,
   volume = 124,
    pages = {3073-3087},
      doi = {10.1086/344764},
   adsurl = {http://adsabs.harvard.edu/abs/2002AJ....124.3073G},
  adsnote = {Provided by the SAO/NASA Astrophysics Data System}
}

@ARTICLE{chilingarian2008,
   author = {{Chilingarian}, I.~V. and {Mamon}, G.~A.},
    title = "{SDSSJ124155.33+114003.7 - a missing link between compact elliptical and ultracompact dwarf galaxies}",
  journal = {\mnras},
archivePrefix = "arXiv",
   eprint = {0712.2724},
 keywords = {galaxies: dwarf, galaxies: elliptical and lenticular, cD, galaxies: evolution, galaxies: kinematics and dynamics, galaxies: stellar content},
     year = 2008,
    month = mar,
   volume = 385,
    pages = {L83-L87},
      doi = {10.1111/j.1745-3933.2008.00438.x},
   adsurl = {http://adsabs.harvard.edu/abs/2008MNRAS.385L..83C},
  adsnote = {Provided by the SAO/NASA Astrophysics Data System}
}

@ARTICLE{mihos2015,
   author = {{Mihos}, J.~C. and {Durrell}, P.~R. and {Ferrarese}, L. and 
	{Feldmeier}, J.~J. and {C{\^o}t{\'e}}, P. and {Peng}, E.~W. and 
	{Harding}, P. and {Liu}, C. and {Gwyn}, S. and {Cuillandre}, J.-C.
	},
    title = "{Galaxies at the Extremes: Ultra-diffuse Galaxies in the Virgo Cluster}",
  journal = {\apjl},
 keywords = {galaxies: clusters: individual: Virgo, galaxies: evolution, galaxies: fundamental parameters, galaxies: structure},
     year = 2015,
    month = aug,
   volume = 809,
      eid = {L21},
    pages = {L21},
      doi = {10.1088/2041-8205/809/2/L21},
   adsurl = {http://adsabs.harvard.edu/abs/2015ApJ...809L..21M},
  adsnote = {Provided by the SAO/NASA Astrophysics Data System}
}

@ARTICLE{foster2014,
   author = {{Foster}, C. and {Lux}, H. and {Romanowsky}, A.~J. and {Mart{\'{\i}}nez-Delgado}, D. and 
	{Zibetti}, S. and {Arnold}, J.~A. and {Brodie}, J.~P. and {Ciardullo}, R. and 
	{GaBany}, R.~J. and {Merrifield}, M.~R. and {Singh}, N. and 
	{Strader}, J.},
    title = "{Kinematics and simulations of the stellar stream in the halo of the Umbrella Galaxy}",
  journal = {\mnras},
archivePrefix = "arXiv",
   eprint = {1406.5511},
 keywords = {galaxies: individual: NGC 4651, galaxies: interactions, galaxies: kinematics and dynamics},
     year = 2014,
    month = aug,
   volume = 442,
    pages = {3544-3564},
      doi = {10.1093/mnras/stu1074},
   adsurl = {http://adsabs.harvard.edu/abs/2014MNRAS.442.3544F},
  adsnote = {Provided by the SAO/NASA Astrophysics Data System}
}

@ARTICLE{mclaughlin2005,
   author = {{McLaughlin}, D.~E. and {van der Marel}, R.~P.},
    title = "{Resolved Massive Star Clusters in the Milky Way and Its Satellites: Brightness Profiles and a Catalog of Fundamental Parameters}",
  journal = {\apjs},
   eprint = {astro-ph/0605132},
 keywords = {Galaxies: Star Clusters, Galaxy: Globular Clusters: General, Galaxies: Magellanic Clouds},
     year = 2005,
    month = dec,
   volume = 161,
    pages = {304-360},
      doi = {10.1086/497429},
   adsurl = {http://adsabs.harvard.edu/abs/2005ApJS..161..304M},
  adsnote = {Provided by the SAO/NASA Astrophysics Data System}
}

@ARTICLE{vandenbergh1991,
   author = {{van den Bergh}, S. and {Morbey}, C. and {Pazder}, J.},
    title = "{Diameters of Galactic globular clusters}",
  journal = {\apj},
 keywords = {Diameters, Globular Clusters, Milky Way Galaxy, Astronomical Photometry, Electrophotometry, Galactic Clusters},
     year = 1991,
    month = jul,
   volume = 375,
    pages = {594-599},
      doi = {10.1086/170220},
   adsurl = {http://adsabs.harvard.edu/abs/1991ApJ...375..594V},
  adsnote = {Provided by the SAO/NASA Astrophysics Data System}
}

@ARTICLE{janz2009,
   author = {{Janz}, J. and {Lisker}, T.},
    title = "{On the Color-Magnitude Relation of Early-Type Galaxies}",
  journal = {\apjl},
archivePrefix = "arXiv",
   eprint = {0903.5301},
 primaryClass = "astro-ph.CO",
 keywords = {galaxies: clusters: individual: Virgo Cluster, galaxies: dwarf, galaxies: elliptical and lenticular, cD, galaxies: fundamental parameters},
     year = 2009,
    month = may,
   volume = 696,
    pages = {L102-L105},
      doi = {10.1088/0004-637X/696/1/L102},
   adsurl = {http://adsabs.harvard.edu/abs/2009ApJ...696L.102J},
  adsnote = {Provided by the SAO/NASA Astrophysics Data System}
}


@ARTICLE{villanova2014,
   author = {{Villanova}, S. and {Geisler}, D. and {Gratton}, R.~G. and {Cassisi}, S.
	},
    title = "{The Metallicity Spread and the Age-Metallicity Relation of {$\omega$} Centauri}",
  journal = {\apj},
archivePrefix = "arXiv",
   eprint = {1406.5069},
 keywords = {globular clusters: general, globular clusters: individual: NGC 5139},
     year = 2014,
    month = aug,
   volume = 791,
      eid = {107},
    pages = {107},
      doi = {10.1088/0004-637X/791/2/107},
   adsurl = {http://adsabs.harvard.edu/abs/2014ApJ...791..107V},
  adsnote = {Provided by the SAO/NASA Astrophysics Data System}
}

@Article{ishwaran2001,
  author =       "Hemant Ishwaran and Lancelot F. James",
  title =        "{Gibbs} Sampling Methods for Stick Breaking Priors",
  journal =      j-J-AM-STAT-ASSOC,
  volume =       "96",
  number =       "453",
  pages =        "161--173",
  month =        mar,
  year =         "2001",
  CODEN =        "JSTNAL",
  ISSN =         "0162-1459 (print), 1537-274X (electronic)",
  ISSN-L =       "0162-1459",
  bibdate =      "Wed Jan 25 08:06:26 MST 2012",
  bibsource =    "http://www.amstat.org/publications/jasa/;
                 http://www.jstor.org/journals/01621459.html;
                 http://www.jstor.org/stable/i325966;
                 http://www.math.utah.edu/pub/tex/bib/jamstatassoc2000.bib",
  URL =          "http://rosina.catchword.com/cgi-bin/linker?ini=asa&amp;
                 http://www.jstor.org/stable/2670356;
                 reqidx=/cw/asa/01621459/v96n453/s12/p161",
  acknowledgement = ack-nhfb,
  fjournal =     "Journal of the American Statistical Association",
  journal-URL =  "http://www.tandfonline.com/loi/uasa20",
}

@ARTICLE{foster2011,
   author = {{Foster}, C. and {Spitler}, L.~R. and {Romanowsky}, A.~J. and 
	{Forbes}, D.~A. and {Pota}, V. and {Bekki}, K. and {Strader}, J. and 
	{Proctor}, R.~N. and {Arnold}, J.~A. and {Brodie}, J.~P.},
    title = "{Global properties of 'ordinary' early-type galaxies: photometry and spectroscopy of stars and globular clusters in NGC 4494}",
  journal = {\mnras},
archivePrefix = "arXiv",
   eprint = {1104.5503},
 keywords = {galaxies: abundances, galaxies: haloes, galaxies: individual: NGC 4494, galaxies: kinematics and dynamics, galaxies: star clusters: general},
     year = 2011,
    month = aug,
   volume = 415,
    pages = {3393-3416},
      doi = {10.1111/j.1365-2966.2011.18965.x},
   adsurl = {http://adsabs.harvard.edu/abs/2011MNRAS.415.3393F},
  adsnote = {Provided by the SAO/NASA Astrophysics Data System}
}

@ARTICLE{jennings2014,
   author = {{Jennings}, Z.~G. and {Strader}, J. and {Romanowsky}, A.~J. and 
	{Brodie}, J.~P. and {Arnold}, J.~A. and {Lin}, D. and {Irwin}, J.~A. and 
	{Sivakoff}, G.~R. and {Wong}, K.-W.},
    title = "{The SLUGGS Survey: HST/ACS Mosaic Imaging of the NGC 3115 Globular Cluster System}",
  journal = {\aj},
archivePrefix = "arXiv",
   eprint = {1405.0008},
 keywords = {galaxies: individual: NGC 3115, galaxies: star clusters: general, globular clusters: general},
     year = 2014,
    month = aug,
   volume = 148,
      eid = {32},
    pages = {32},
      doi = {10.1088/0004-6256/148/2/32},
   adsurl = {http://adsabs.harvard.edu/abs/2014AJ....148...32J},
  adsnote = {Provided by the SAO/NASA Astrophysics Data System}
}

